
   <marc:record>
      <marc:leader>     cam a22        4500</marc:leader>
      <marc:controlfield tag="001">099406101</marc:controlfield>
      <marc:controlfield tag="003">DE-576</marc:controlfield>
      <marc:controlfield tag="005">20210426154338.0</marc:controlfield>
      <marc:controlfield tag="007">tu</marc:controlfield>
      <marc:controlfield tag="008">020624s2002    au |||||      00| ||ger c</marc:controlfield>
      <marc:datafield tag="020" ind1=" " ind2=" ">
         <marc:subfield code="a">3552052054</marc:subfield>
         <marc:subfield code="9">3-552-05205-4</marc:subfield>
      </marc:datafield>
      <marc:datafield tag="035" ind1=" " ind2=" ">
         <marc:subfield code="a">(DE-627)349575037</marc:subfield>
      </marc:datafield>
      <marc:datafield tag="035" ind1=" " ind2=" ">
         <marc:subfield code="a">(DE-576)099406101</marc:subfield>
      </marc:datafield>
      <marc:datafield tag="035" ind1=" " ind2=" ">
         <marc:subfield code="a">(DE-599)GBV349575037</marc:subfield>
      </marc:datafield>
      <marc:datafield tag="040" ind1=" " ind2=" ">
         <marc:subfield code="a">DE-576</marc:subfield>
         <marc:subfield code="b">ger</marc:subfield>
         <marc:subfield code="c">DE-576</marc:subfield>
         <marc:subfield code="e">rakwb</marc:subfield>
      </marc:datafield>
      <marc:datafield tag="041" ind1=" " ind2=" ">
         <marc:subfield code="a">ger</marc:subfield>
      </marc:datafield>
      <marc:datafield tag="041" ind1=" " ind2=" ">
         <marc:subfield code="h">swe</marc:subfield>
      </marc:datafield>
      <marc:datafield tag="044" ind1=" " ind2=" ">
         <marc:subfield code="c">XA-AT</marc:subfield>
      </marc:datafield>
      <marc:datafield tag="084" ind1=" " ind2=" ">
         <marc:subfield code="a">GX 6690</marc:subfield>
         <marc:subfield code="2">rvk</marc:subfield>
         <marc:subfield code="0">(DE-625)rvk/47588:11633</marc:subfield>
      </marc:datafield>
      <marc:datafield tag="084" ind1=" " ind2=" ">
         <marc:subfield code="a">17.97</marc:subfield>
         <marc:subfield code="2">bkl</marc:subfield>
      </marc:datafield>
      <marc:datafield tag="084" ind1=" " ind2=" ">
         <marc:subfield code="a">18.17</marc:subfield>
         <marc:subfield code="2">bkl</marc:subfield>
      </marc:datafield>
      <marc:datafield tag="100" ind1="1" ind2=" ">
         <marc:subfield code="a">Mankell, Henning</marc:subfield>
         <marc:subfield code="d">1948-2015</marc:subfield>
         <marc:subfield code="0">(DE-588)120863855</marc:subfield>
         <marc:subfield code="0">(DE-627)080933963</marc:subfield>
         <marc:subfield code="0">(DE-576)168972425</marc:subfield>
         <marc:subfield code="4">aut</marc:subfield>
      </marc:datafield>
      <marc:datafield tag="240" ind1="1" ind2="0">
         <marc:subfield code="a">Danslärarens återkomst &lt;dt.&gt;</marc:subfield>
      </marc:datafield>
      <marc:datafield tag="245" ind1="1" ind2="4">
         <marc:subfield code="a">Die Rückkehr des Tanzlehrers</marc:subfield>
         <marc:subfield code="b">Roman</marc:subfield>
         <marc:subfield code="c">Henning Mankell. Aus dem Schwed. von Wolfgang Butt</marc:subfield>
      </marc:datafield>
      <marc:datafield tag="264" ind1=" " ind2="1">
         <marc:subfield code="a">Wien</marc:subfield>
         <marc:subfield code="b">Zsolnay</marc:subfield>
         <marc:subfield code="c">2002</marc:subfield>
      </marc:datafield>
      <marc:datafield tag="300" ind1=" " ind2=" ">
         <marc:subfield code="a">505 S.</marc:subfield>
         <marc:subfield code="c">22 cm</marc:subfield>
      </marc:datafield>
      <marc:datafield tag="336" ind1=" " ind2=" ">
         <marc:subfield code="a">Text</marc:subfield>
         <marc:subfield code="b">txt</marc:subfield>
         <marc:subfield code="2">rdacontent</marc:subfield>
      </marc:datafield>
      <marc:datafield tag="337" ind1=" " ind2=" ">
         <marc:subfield code="a">ohne Hilfsmittel zu benutzen</marc:subfield>
         <marc:subfield code="b">n</marc:subfield>
         <marc:subfield code="2">rdamedia</marc:subfield>
      </marc:datafield>
      <marc:datafield tag="338" ind1=" " ind2=" ">
         <marc:subfield code="a">Band</marc:subfield>
         <marc:subfield code="b">nc</marc:subfield>
         <marc:subfield code="2">rdacarrier</marc:subfield>
      </marc:datafield>
      <marc:datafield tag="520" ind1=" " ind2=" ">
         <marc:subfield code="a">Stefan Lindmann, Polizeikommissar in Südschweden, ermittelt auf eigene Faust im Mord an seinem ehemaligen Kollegen und Mentor Herbert Molin. Er entdeckt, dass Molin ein ehemaliger SS-Mann war. (Heidrun Fruggel)</marc:subfield>
      </marc:datafield>
      <marc:datafield tag="520" ind1=" " ind2=" ">
         <marc:subfield code="a">Härjedalen im Herbst 1999. Auf einem einsam gelegenen Hof in den Bergen an der schwedisch-norwegischen Grenze wird ein 76-jähriger, pensionierter Polizist grausam ermordet. Als Stefan Lindman, 37-jähriger Polizeibeamter in Südschweden, vom Tod seines früheren Kollegen erfährt, stellt er auf eigene Faust Untersuchungen an und stößt schnell darauf, dass sein alter Lehrmeister ein anderer war als er zu sein vorgab. - Spannender gesellschaftskritischer Krimi um einen sympathischen Polizisten, der ein im Geheimen wirkendes Netzwerk von Nazi-Organisationen aufdeckt, während er mit einem persönlichen Schicksalsschlag fertig werden muss: er ist an Zungenkrebs erkrankt und muss mit dem Schlimmsten rechnen. (Heidrun Fruggel)</marc:subfield>
      </marc:datafield>
      <marc:datafield tag="655" ind1=" " ind2="7">
         <marc:subfield code="a">Fiktionale Darstellung</marc:subfield>
         <marc:subfield code="0">(DE-588)1071854844</marc:subfield>
         <marc:subfield code="0">(DE-627)82648378X</marc:subfield>
         <marc:subfield code="0">(DE-576)43337439X</marc:subfield>
         <marc:subfield code="2">gnd-content</marc:subfield>
      </marc:datafield>
      <marc:datafield tag="689" ind1="0" ind2="0">
         <marc:subfield code="A">g</marc:subfield>
         <marc:subfield code="2">gnd</marc:subfield>
         <marc:subfield code="a">Schweden</marc:subfield>
      </marc:datafield>
      <marc:datafield tag="689" ind1="0" ind2=" ">
         <marc:subfield code="5">(DE-627)</marc:subfield>
      </marc:datafield>
      <marc:datafield tag="689" ind1="1" ind2="0">
         <marc:subfield code="A">z</marc:subfield>
         <marc:subfield code="2">gnd</marc:subfield>
         <marc:subfield code="a">Geschichte 1999</marc:subfield>
      </marc:datafield>
      <marc:datafield tag="689" ind1="1" ind2=" ">
         <marc:subfield code="5">(DE-627)</marc:subfield>
      </marc:datafield>
      <marc:datafield tag="700" ind1="1" ind2=" ">
         <marc:subfield code="a">Butt, Wolfgang</marc:subfield>
         <marc:subfield code="d">1937-</marc:subfield>
         <marc:subfield code="e">Übers.</marc:subfield>
         <marc:subfield code="0">(DE-588)106978306</marc:subfield>
         <marc:subfield code="0">(DE-627)588712647</marc:subfield>
         <marc:subfield code="0">(DE-576)16050175X</marc:subfield>
         <marc:subfield code="4">trl</marc:subfield>
      </marc:datafield>
      <marc:datafield tag="700" ind1="1" ind2="2">
         <marc:subfield code="a">Mankell, Henning</marc:subfield>
         <marc:subfield code="d">1948-2015</marc:subfield>
         <marc:subfield code="t">Danslärarens återkomst &lt;dt.&gt;</marc:subfield>
      </marc:datafield>
      <marc:datafield tag="935" ind1=" " ind2=" ">
         <marc:subfield code="i">Blocktest</marc:subfield>
      </marc:datafield>
      <marc:datafield tag="936" ind1="r" ind2="v">
         <marc:subfield code="a">GX 6690</marc:subfield>
         <marc:subfield code="b">Primärliteratur</marc:subfield>
         <marc:subfield code="k">Germanistik. Niederlandistik. Skandinavistik</marc:subfield>
         <marc:subfield code="k">Skandinavistik</marc:subfield>
         <marc:subfield code="k">Literaturwissenschaft</marc:subfield>
         <marc:subfield code="k">Neuere nordische Literatur in Einzelsprachen</marc:subfield>
         <marc:subfield code="k">Neuere schwedische Literatur</marc:subfield>
         <marc:subfield code="k">Einzelne Autoren (Neuere schwedische Literatur)</marc:subfield>
         <marc:subfield code="k">Autoren M</marc:subfield>
         <marc:subfield code="k">Mankell, Henning (1948 -</marc:subfield>
         <marc:subfield code="k">Primärliteratur</marc:subfield>
         <marc:subfield code="0">(DE-627)1270942360</marc:subfield>
         <marc:subfield code="0">(DE-625)rvk/47588:11633</marc:subfield>
         <marc:subfield code="0">(DE-576)200942360</marc:subfield>
      </marc:datafield>
      <marc:datafield tag="936" ind1="b" ind2="k">
         <marc:subfield code="a">17.97</marc:subfield>
         <marc:subfield code="j">Texte eines einzelnen Autors</marc:subfield>
         <marc:subfield code="0">(DE-627)181571714</marc:subfield>
      </marc:datafield>
      <marc:datafield tag="936" ind1="b" ind2="k">
         <marc:subfield code="a">18.17</marc:subfield>
         <marc:subfield code="j">Schwedische Sprache und Literatur</marc:subfield>
         <marc:subfield code="0">(DE-627)106403893</marc:subfield>
      </marc:datafield>
      <marc:datafield tag="951" ind1=" " ind2=" ">
         <marc:subfield code="a">BO</marc:subfield>
      </marc:datafield>
   </marc:record>