
   <marc:record>
      <marc:leader>     cam a22        4500</marc:leader>
      <marc:controlfield tag="001">097957550</marc:controlfield>
      <marc:controlfield tag="003">DE-576</marc:controlfield>
      <marc:controlfield tag="005">20210211145052.0</marc:controlfield>
      <marc:controlfield tag="007">tu</marc:controlfield>
      <marc:controlfield tag="008">020219s2002    gw |||||      00| ||ger c</marc:controlfield>
      <marc:datafield tag="020" ind1=" " ind2=" ">
         <marc:subfield code="a">3770536525</marc:subfield>
         <marc:subfield code="9">3-7705-3652-5</marc:subfield>
      </marc:datafield>
      <marc:datafield tag="035" ind1=" " ind2=" ">
         <marc:subfield code="a">(DE-627)342412485</marc:subfield>
      </marc:datafield>
      <marc:datafield tag="035" ind1=" " ind2=" ">
         <marc:subfield code="a">(DE-576)097957550</marc:subfield>
      </marc:datafield>
      <marc:datafield tag="035" ind1=" " ind2=" ">
         <marc:subfield code="a">(DE-599)GBV342412485</marc:subfield>
      </marc:datafield>
      <marc:datafield tag="035" ind1=" " ind2=" ">
         <marc:subfield code="a">(OCoLC)248035526</marc:subfield>
      </marc:datafield>
      <marc:datafield tag="035" ind1=" " ind2=" ">
         <marc:subfield code="a">(OCoLC)50129630</marc:subfield>
      </marc:datafield>
      <marc:datafield tag="035" ind1=" " ind2=" ">
         <marc:subfield code="a">(OCoLC)248035526</marc:subfield>
      </marc:datafield>
      <marc:datafield tag="035" ind1=" " ind2=" ">
         <marc:subfield code="a">(AT-OBV)AC03414103</marc:subfield>
      </marc:datafield>
      <marc:datafield tag="040" ind1=" " ind2=" ">
         <marc:subfield code="a">DE-576</marc:subfield>
         <marc:subfield code="b">ger</marc:subfield>
         <marc:subfield code="c">DE-576</marc:subfield>
         <marc:subfield code="e">rakwb</marc:subfield>
      </marc:datafield>
      <marc:datafield tag="041" ind1=" " ind2=" ">
         <marc:subfield code="a">ger</marc:subfield>
      </marc:datafield>
      <marc:datafield tag="044" ind1=" " ind2=" ">
         <marc:subfield code="c">XA-DE</marc:subfield>
      </marc:datafield>
      <marc:datafield tag="050" ind1=" " ind2="0">
         <marc:subfield code="a">MLCM 2006/02803 (B)</marc:subfield>
      </marc:datafield>
      <marc:datafield tag="060" ind1=" " ind2="0">
         <marc:subfield code="a">QH 501</marc:subfield>
      </marc:datafield>
      <marc:datafield tag="084" ind1=" " ind2=" ">
         <marc:subfield code="a">5,1</marc:subfield>
         <marc:subfield code="2">ssgn</marc:subfield>
      </marc:datafield>
      <marc:datafield tag="084" ind1=" " ind2=" ">
         <marc:subfield code="a">CC 8280</marc:subfield>
         <marc:subfield code="2">rvk</marc:subfield>
         <marc:subfield code="0">(DE-625)rvk/17703:</marc:subfield>
      </marc:datafield>
      <marc:datafield tag="084" ind1=" " ind2=" ">
         <marc:subfield code="a">CC 6600</marc:subfield>
         <marc:subfield code="q">BVB</marc:subfield>
         <marc:subfield code="2">rvk</marc:subfield>
         <marc:subfield code="0">(DE-625)rvk/17661:</marc:subfield>
      </marc:datafield>
      <marc:datafield tag="084" ind1=" " ind2=" ">
         <marc:subfield code="a">AP 84500</marc:subfield>
         <marc:subfield code="2">rvk</marc:subfield>
         <marc:subfield code="0">(DE-625)rvk/8039:</marc:subfield>
      </marc:datafield>
      <marc:datafield tag="084" ind1=" " ind2=" ">
         <marc:subfield code="a">AP 84100</marc:subfield>
         <marc:subfield code="2">rvk</marc:subfield>
         <marc:subfield code="0">(DE-625)rvk/8031:</marc:subfield>
      </marc:datafield>
      <marc:datafield tag="084" ind1=" " ind2=" ">
         <marc:subfield code="a">AP 84200</marc:subfield>
         <marc:subfield code="2">rvk</marc:subfield>
         <marc:subfield code="0">(DE-625)rvk/8033:</marc:subfield>
      </marc:datafield>
      <marc:datafield tag="084" ind1=" " ind2=" ">
         <marc:subfield code="a">08.36</marc:subfield>
         <marc:subfield code="2">bkl</marc:subfield>
      </marc:datafield>
      <marc:datafield tag="084" ind1=" " ind2=" ">
         <marc:subfield code="a">71.33</marc:subfield>
         <marc:subfield code="2">bkl</marc:subfield>
      </marc:datafield>
      <marc:datafield tag="090" ind1=" " ind2=" ">
         <marc:subfield code="a">a</marc:subfield>
      </marc:datafield>
      <marc:datafield tag="245" ind1="1" ind2="0">
         <marc:subfield code="a">Grenzverläufe</marc:subfield>
         <marc:subfield code="b">der Körper als Schnitt-Stelle</marc:subfield>
         <marc:subfield code="c">hrsg. von Annette Barkhaus und Anne Fleig</marc:subfield>
      </marc:datafield>
      <marc:datafield tag="264" ind1=" " ind2="1">
         <marc:subfield code="a">München</marc:subfield>
         <marc:subfield code="b">Fink</marc:subfield>
         <marc:subfield code="c">2002</marc:subfield>
      </marc:datafield>
      <marc:datafield tag="300" ind1=" " ind2=" ">
         <marc:subfield code="a">251 S.</marc:subfield>
      </marc:datafield>
      <marc:datafield tag="336" ind1=" " ind2=" ">
         <marc:subfield code="a">Text</marc:subfield>
         <marc:subfield code="b">txt</marc:subfield>
         <marc:subfield code="2">rdacontent</marc:subfield>
      </marc:datafield>
      <marc:datafield tag="337" ind1=" " ind2=" ">
         <marc:subfield code="a">ohne Hilfsmittel zu benutzen</marc:subfield>
         <marc:subfield code="b">n</marc:subfield>
         <marc:subfield code="2">rdamedia</marc:subfield>
      </marc:datafield>
      <marc:datafield tag="338" ind1=" " ind2=" ">
         <marc:subfield code="a">Band</marc:subfield>
         <marc:subfield code="b">nc</marc:subfield>
         <marc:subfield code="2">rdacarrier</marc:subfield>
      </marc:datafield>
      <marc:datafield tag="500" ind1=" " ind2=" ">
         <marc:subfield code="a">"Dieser Band ist aus einer interdisziplinären Arbeitstagung hervorgegangen, die im Herbst 1999 an der Freien Universität Berlin im Rahmen des Graduiertenkollegs "Körper-Inszenierungen" stattgefunden hat."</marc:subfield>
      </marc:datafield>
      <marc:datafield tag="591" ind1=" " ind2=" ">
         <marc:subfield code="a">IMD-Felder und 1131 maschinell ergänzt (SWB)</marc:subfield>
      </marc:datafield>
      <marc:datafield tag="650" ind1=" " ind2="0">
         <marc:subfield code="a">Human body, conferences</marc:subfield>
      </marc:datafield>
      <marc:datafield tag="653" ind1=" " ind2="2">
         <marc:subfield code="a">Philosophy</marc:subfield>
      </marc:datafield>
      <marc:datafield tag="653" ind1=" " ind2="2">
         <marc:subfield code="a">Ethics</marc:subfield>
      </marc:datafield>
      <marc:datafield tag="653" ind1=" " ind2="2">
         <marc:subfield code="a">Human Body</marc:subfield>
      </marc:datafield>
      <marc:datafield tag="653" ind1=" " ind2="2">
         <marc:subfield code="a">Anthropology</marc:subfield>
      </marc:datafield>
      <marc:datafield tag="655" ind1=" " ind2="7">
         <marc:subfield code="a">Konferenzschrift</marc:subfield>
         <marc:subfield code="y">1999</marc:subfield>
         <marc:subfield code="z">Berlin</marc:subfield>
         <marc:subfield code="0">(DE-588)1071861417</marc:subfield>
         <marc:subfield code="0">(DE-627)826484824</marc:subfield>
         <marc:subfield code="0">(DE-576)433375485</marc:subfield>
         <marc:subfield code="2">gnd-content</marc:subfield>
      </marc:datafield>
      <marc:datafield tag="655" ind1=" " ind2="7">
         <marc:subfield code="a">Aufsatzsammlung</marc:subfield>
         <marc:subfield code="0">(DE-588)4143413-4</marc:subfield>
         <marc:subfield code="0">(DE-627)105605727</marc:subfield>
         <marc:subfield code="0">(DE-576)209726091</marc:subfield>
         <marc:subfield code="2">gnd-content</marc:subfield>
      </marc:datafield>
      <marc:datafield tag="689" ind1="0" ind2="0">
         <marc:subfield code="D">s</marc:subfield>
         <marc:subfield code="0">(DE-588)4031575-7</marc:subfield>
         <marc:subfield code="0">(DE-627)106264915</marc:subfield>
         <marc:subfield code="0">(DE-576)208993282</marc:subfield>
         <marc:subfield code="a">Körper</marc:subfield>
         <marc:subfield code="2">gnd</marc:subfield>
      </marc:datafield>
      <marc:datafield tag="689" ind1="0" ind2="1">
         <marc:subfield code="D">s</marc:subfield>
         <marc:subfield code="0">(DE-588)4069491-4</marc:subfield>
         <marc:subfield code="0">(DE-627)104642904</marc:subfield>
         <marc:subfield code="0">(DE-576)209176938</marc:subfield>
         <marc:subfield code="a">Biotechnologie</marc:subfield>
         <marc:subfield code="2">gnd</marc:subfield>
      </marc:datafield>
      <marc:datafield tag="689" ind1="0" ind2="2">
         <marc:subfield code="D">s</marc:subfield>
         <marc:subfield code="0">(DE-588)4169187-8</marc:subfield>
         <marc:subfield code="0">(DE-627)105411868</marc:subfield>
         <marc:subfield code="0">(DE-576)209921099</marc:subfield>
         <marc:subfield code="a">Medien</marc:subfield>
         <marc:subfield code="2">gnd</marc:subfield>
      </marc:datafield>
      <marc:datafield tag="689" ind1="0" ind2=" ">
         <marc:subfield code="5">DE-101</marc:subfield>
      </marc:datafield>
      <marc:datafield tag="689" ind1="1" ind2="0">
         <marc:subfield code="D">s</marc:subfield>
         <marc:subfield code="0">(DE-588)4031575-7</marc:subfield>
         <marc:subfield code="0">(DE-627)106264915</marc:subfield>
         <marc:subfield code="0">(DE-576)208993282</marc:subfield>
         <marc:subfield code="a">Körper</marc:subfield>
         <marc:subfield code="2">gnd</marc:subfield>
      </marc:datafield>
      <marc:datafield tag="689" ind1="1" ind2="1">
         <marc:subfield code="D">s</marc:subfield>
         <marc:subfield code="0">(DE-588)4045791-6</marc:subfield>
         <marc:subfield code="0">(DE-627)106200259</marc:subfield>
         <marc:subfield code="0">(DE-576)209066873</marc:subfield>
         <marc:subfield code="a">Philosophie</marc:subfield>
         <marc:subfield code="2">gnd</marc:subfield>
      </marc:datafield>
      <marc:datafield tag="689" ind1="1" ind2="2">
         <marc:subfield code="D">s</marc:subfield>
         <marc:subfield code="0">(DE-588)4194462-8</marc:subfield>
         <marc:subfield code="0">(DE-627)105219290</marc:subfield>
         <marc:subfield code="0">(DE-576)210094311</marc:subfield>
         <marc:subfield code="a">Neue Technologie</marc:subfield>
         <marc:subfield code="2">gnd</marc:subfield>
      </marc:datafield>
      <marc:datafield tag="689" ind1="1" ind2=" ">
         <marc:subfield code="5">DE-101</marc:subfield>
      </marc:datafield>
      <marc:datafield tag="689" ind1="2" ind2="0">
         <marc:subfield code="D">s</marc:subfield>
         <marc:subfield code="0">(DE-588)4114388-7</marc:subfield>
         <marc:subfield code="0">(DE-627)105822558</marc:subfield>
         <marc:subfield code="0">(DE-576)209484209</marc:subfield>
         <marc:subfield code="a">Leiblichkeit</marc:subfield>
         <marc:subfield code="2">gnd</marc:subfield>
      </marc:datafield>
      <marc:datafield tag="689" ind1="2" ind2=" ">
         <marc:subfield code="5">(DE-627)</marc:subfield>
      </marc:datafield>
      <marc:datafield tag="700" ind1="1" ind2=" ">
         <marc:subfield code="a">Barkhaus, Annette</marc:subfield>
         <marc:subfield code="d">1961-</marc:subfield>
         <marc:subfield code="e">Hrsg.</marc:subfield>
         <marc:subfield code="0">(DE-588)114586287X</marc:subfield>
         <marc:subfield code="0">(DE-627)1006974563</marc:subfield>
         <marc:subfield code="0">(DE-576)171750187</marc:subfield>
         <marc:subfield code="4">edt</marc:subfield>
      </marc:datafield>
      <marc:datafield tag="700" ind1="1" ind2=" ">
         <marc:subfield code="a">Fleig, Anne</marc:subfield>
         <marc:subfield code="d">1968-</marc:subfield>
         <marc:subfield code="0">(DE-588)137196865</marc:subfield>
         <marc:subfield code="0">(DE-627)590360302</marc:subfield>
         <marc:subfield code="0">(DE-576)178383511</marc:subfield>
         <marc:subfield code="4">oth</marc:subfield>
      </marc:datafield>
      <marc:datafield tag="776" ind1="0" ind2="8">
         <marc:subfield code="i">Online-Ausg.</marc:subfield>
         <marc:subfield code="t">Grenzverläufe</marc:subfield>
         <marc:subfield code="d">München : Fink, 2002</marc:subfield>
         <marc:subfield code="h">251 S.</marc:subfield>
         <marc:subfield code="w">(DE-627)1652438203</marc:subfield>
         <marc:subfield code="w">(DE-576)383345871</marc:subfield>
      </marc:datafield>
      <marc:datafield tag="787" ind1="0" ind2="8">
         <marc:subfield code="i">Rezension</marc:subfield>
         <marc:subfield code="a">Burkart, Günter, 1950 - </marc:subfield>
         <marc:subfield code="t">Der unzugängliche Leib</marc:subfield>
         <marc:subfield code="d">2003</marc:subfield>
         <marc:subfield code="h">12 S</marc:subfield>
         <marc:subfield code="w">(DE-627)580991350</marc:subfield>
      </marc:datafield>
      <marc:datafield tag="856" ind1="4" ind2="2">
         <marc:subfield code="u">http://www.gbv.de/dms/weimar/toc/342412485_toc.pdf</marc:subfield>
         <marc:subfield code="m">V:DE-601</marc:subfield>
         <marc:subfield code="m">B:DE-Wim2</marc:subfield>
         <marc:subfield code="q">application/pdf</marc:subfield>
         <marc:subfield code="x">Verlag</marc:subfield>
         <marc:subfield code="y">Inhaltsverzeichnis</marc:subfield>
         <marc:subfield code="3">Inhaltsverzeichnis</marc:subfield>
      </marc:datafield>
      <marc:datafield tag="856" ind1="4" ind2="2">
         <marc:subfield code="u">http://d-nb.info/964058154/04</marc:subfield>
         <marc:subfield code="m">V:AT-OBV</marc:subfield>
         <marc:subfield code="q">application/pdf</marc:subfield>
         <marc:subfield code="v">20130501</marc:subfield>
         <marc:subfield code="x">Verlag</marc:subfield>
         <marc:subfield code="3">Inhaltsverzeichnis</marc:subfield>
      </marc:datafield>
      <marc:datafield tag="856" ind1="4" ind2="2">
         <marc:subfield code="u">http://media.obvsg.at/AC03414103-1002</marc:subfield>
         <marc:subfield code="m">V:AT-OBV</marc:subfield>
         <marc:subfield code="q">text/html</marc:subfield>
         <marc:subfield code="v">20090625000000</marc:subfield>
         <marc:subfield code="3">Inhaltsverzeichnis</marc:subfield>
      </marc:datafield>
      <marc:datafield tag="935" ind1=" " ind2=" ">
         <marc:subfield code="i">sf</marc:subfield>
      </marc:datafield>
      <marc:datafield tag="935" ind1=" " ind2=" ">
         <marc:subfield code="i">Blocktest</marc:subfield>
      </marc:datafield>
      <marc:datafield tag="936" ind1="r" ind2="v">
         <marc:subfield code="a">CC 8280</marc:subfield>
         <marc:subfield code="b">Technik und Wissenschaft als Kulturproblem</marc:subfield>
         <marc:subfield code="k">Philosophie</marc:subfield>
         <marc:subfield code="k">Systematische Philosophie</marc:subfield>
         <marc:subfield code="k">Geschichts- und Kulturphilosophie</marc:subfield>
         <marc:subfield code="k">Technik und Wissenschaft als Kulturproblem</marc:subfield>
         <marc:subfield code="0">(DE-627)1270639293</marc:subfield>
         <marc:subfield code="0">(DE-625)rvk/17703:</marc:subfield>
         <marc:subfield code="0">(DE-576)200639293</marc:subfield>
      </marc:datafield>
      <marc:datafield tag="936" ind1="r" ind2="v">
         <marc:subfield code="a">CC 6600</marc:subfield>
         <marc:subfield code="b">Abhandlungen</marc:subfield>
         <marc:subfield code="k">Philosophie</marc:subfield>
         <marc:subfield code="k">Systematische Philosophie</marc:subfield>
         <marc:subfield code="k">Philosophische Anthropologie</marc:subfield>
         <marc:subfield code="k">Abhandlungen</marc:subfield>
         <marc:subfield code="0">(DE-627)1270639021</marc:subfield>
         <marc:subfield code="0">(DE-625)rvk/17661:</marc:subfield>
         <marc:subfield code="0">(DE-576)200639021</marc:subfield>
      </marc:datafield>
      <marc:datafield tag="936" ind1="r" ind2="v">
         <marc:subfield code="a">AP 84500</marc:subfield>
         <marc:subfield code="b">Tanz und Gesellschaft</marc:subfield>
         <marc:subfield code="k">Allgemeines</marc:subfield>
         <marc:subfield code="k">Medien- und Kommunikationswissenschaften, Kommunikationsdesign</marc:subfield>
         <marc:subfield code="k">Tanz</marc:subfield>
         <marc:subfield code="k">Beziehungen, Ausstrahlungen</marc:subfield>
         <marc:subfield code="k">Tanz und Gesellschaft</marc:subfield>
         <marc:subfield code="0">(DE-627)127069345X</marc:subfield>
         <marc:subfield code="0">(DE-625)rvk/8039:</marc:subfield>
         <marc:subfield code="0">(DE-576)20069345X</marc:subfield>
      </marc:datafield>
      <marc:datafield tag="936" ind1="r" ind2="v">
         <marc:subfield code="a">AP 84100</marc:subfield>
         <marc:subfield code="b">Physiologie des Tanzes</marc:subfield>
         <marc:subfield code="k">Allgemeines</marc:subfield>
         <marc:subfield code="k">Medien- und Kommunikationswissenschaften, Kommunikationsdesign</marc:subfield>
         <marc:subfield code="k">Tanz</marc:subfield>
         <marc:subfield code="k">Natur und Kultur des Tanzes, Forschung</marc:subfield>
         <marc:subfield code="k">Physiologie des Tanzes</marc:subfield>
         <marc:subfield code="0">(DE-627)1270693387</marc:subfield>
         <marc:subfield code="0">(DE-625)rvk/8031:</marc:subfield>
         <marc:subfield code="0">(DE-576)200693387</marc:subfield>
      </marc:datafield>
      <marc:datafield tag="936" ind1="r" ind2="v">
         <marc:subfield code="a">AP 84200</marc:subfield>
         <marc:subfield code="b">Ästhetik</marc:subfield>
         <marc:subfield code="k">Allgemeines</marc:subfield>
         <marc:subfield code="k">Medien- und Kommunikationswissenschaften, Kommunikationsdesign</marc:subfield>
         <marc:subfield code="k">Tanz</marc:subfield>
         <marc:subfield code="k">Natur und Kultur des Tanzes, Forschung</marc:subfield>
         <marc:subfield code="k">Ästhetik</marc:subfield>
         <marc:subfield code="0">(DE-627)1270693409</marc:subfield>
         <marc:subfield code="0">(DE-625)rvk/8033:</marc:subfield>
         <marc:subfield code="0">(DE-576)200693409</marc:subfield>
      </marc:datafield>
      <marc:datafield tag="936" ind1="b" ind2="k">
         <marc:subfield code="a">08.36</marc:subfield>
         <marc:subfield code="j">Philosophische Anthropologie</marc:subfield>
         <marc:subfield code="0">(DE-627)106403060</marc:subfield>
      </marc:datafield>
      <marc:datafield tag="936" ind1="b" ind2="k">
         <marc:subfield code="a">71.33</marc:subfield>
         <marc:subfield code="j">Frau</marc:subfield>
         <marc:subfield code="x">Soziologie</marc:subfield>
         <marc:subfield code="0">(DE-627)106412671</marc:subfield>
      </marc:datafield>
      <marc:datafield tag="951" ind1=" " ind2=" ">
         <marc:subfield code="a">BO</marc:subfield>
      </marc:datafield>
   </marc:record>