
   <marc:record>
      <marc:leader>     cam a22        4500</marc:leader>
      <marc:controlfield tag="001">087098164</marc:controlfield>
      <marc:controlfield tag="003">DE-576</marc:controlfield>
      <marc:controlfield tag="005">20210322185338.0</marc:controlfield>
      <marc:controlfield tag="007">tu</marc:controlfield>
      <marc:controlfield tag="008">011003s2001    au |||||      00| ||ger c</marc:controlfield>
      <marc:datafield tag="020" ind1=" " ind2=" ">
         <marc:subfield code="a">3851321707</marc:subfield>
         <marc:subfield code="9">3-85132-170-7</marc:subfield>
      </marc:datafield>
      <marc:datafield tag="020" ind1=" " ind2=" ">
         <marc:subfield code="a">3851322665</marc:subfield>
         <marc:subfield code="9">3-85132-266-5</marc:subfield>
      </marc:datafield>
      <marc:datafield tag="020" ind1=" " ind2=" ">
         <marc:subfield code="z">3851322665</marc:subfield>
      </marc:datafield>
      <marc:datafield tag="035" ind1=" " ind2=" ">
         <marc:subfield code="a">(DE-627)338575537</marc:subfield>
      </marc:datafield>
      <marc:datafield tag="035" ind1=" " ind2=" ">
         <marc:subfield code="a">(DE-576)087098164</marc:subfield>
      </marc:datafield>
      <marc:datafield tag="035" ind1=" " ind2=" ">
         <marc:subfield code="a">(DE-599)GBV338575537</marc:subfield>
      </marc:datafield>
      <marc:datafield tag="035" ind1=" " ind2=" ">
         <marc:subfield code="a">(OCoLC)248808219</marc:subfield>
      </marc:datafield>
      <marc:datafield tag="035" ind1=" " ind2=" ">
         <marc:subfield code="a">(OCoLC)70784195</marc:subfield>
      </marc:datafield>
      <marc:datafield tag="035" ind1=" " ind2=" ">
         <marc:subfield code="a">(AT-OBV)AC03064228</marc:subfield>
      </marc:datafield>
      <marc:datafield tag="040" ind1=" " ind2=" ">
         <marc:subfield code="a">DE-576</marc:subfield>
         <marc:subfield code="b">ger</marc:subfield>
         <marc:subfield code="c">DE-576</marc:subfield>
         <marc:subfield code="e">rakwb</marc:subfield>
      </marc:datafield>
      <marc:datafield tag="041" ind1=" " ind2=" ">
         <marc:subfield code="a">ger</marc:subfield>
      </marc:datafield>
      <marc:datafield tag="041" ind1=" " ind2=" ">
         <marc:subfield code="h">fre</marc:subfield>
      </marc:datafield>
      <marc:datafield tag="044" ind1=" " ind2=" ">
         <marc:subfield code="c">XA-AT</marc:subfield>
      </marc:datafield>
      <marc:datafield tag="050" ind1=" " ind2="0">
         <marc:subfield code="a">B2430.B273</marc:subfield>
      </marc:datafield>
      <marc:datafield tag="050" ind1=" " ind2="0">
         <marc:subfield code="a">BD39</marc:subfield>
      </marc:datafield>
      <marc:datafield tag="084" ind1=" " ind2=" ">
         <marc:subfield code="a">PHIL 263</marc:subfield>
         <marc:subfield code="2">sfb</marc:subfield>
      </marc:datafield>
      <marc:datafield tag="084" ind1=" " ind2=" ">
         <marc:subfield code="a">1</marc:subfield>
         <marc:subfield code="2">ssgn</marc:subfield>
      </marc:datafield>
      <marc:datafield tag="084" ind1=" " ind2=" ">
         <marc:subfield code="a">CC 6900</marc:subfield>
         <marc:subfield code="2">rvk</marc:subfield>
         <marc:subfield code="0">(DE-625)rvk/17665:</marc:subfield>
      </marc:datafield>
      <marc:datafield tag="084" ind1=" " ind2=" ">
         <marc:subfield code="a">CI 5478</marc:subfield>
         <marc:subfield code="2">rvk</marc:subfield>
         <marc:subfield code="0">(DE-625)rvk/18474:11797</marc:subfield>
      </marc:datafield>
      <marc:datafield tag="084" ind1=" " ind2=" ">
         <marc:subfield code="a">08.41</marc:subfield>
         <marc:subfield code="2">bkl</marc:subfield>
      </marc:datafield>
      <marc:datafield tag="084" ind1=" " ind2=" ">
         <marc:subfield code="a">17.89</marc:subfield>
         <marc:subfield code="2">bkl</marc:subfield>
      </marc:datafield>
      <marc:datafield tag="084" ind1=" " ind2=" ">
         <marc:subfield code="a">20.06</marc:subfield>
         <marc:subfield code="2">bkl</marc:subfield>
      </marc:datafield>
      <marc:datafield tag="100" ind1="1" ind2=" ">
         <marc:subfield code="a">Badiou, Alain</marc:subfield>
         <marc:subfield code="d">1937-</marc:subfield>
         <marc:subfield code="e">VerfasserIn</marc:subfield>
         <marc:subfield code="0">(DE-588)124324940</marc:subfield>
         <marc:subfield code="0">(DE-627)085786764</marc:subfield>
         <marc:subfield code="0">(DE-576)160140730</marc:subfield>
         <marc:subfield code="4">aut</marc:subfield>
      </marc:datafield>
      <marc:datafield tag="240" ind1="1" ind2="0">
         <marc:subfield code="a">Petit manuel d'inesthétique</marc:subfield>
      </marc:datafield>
      <marc:datafield tag="245" ind1="1" ind2="0">
         <marc:subfield code="a">Kleines Handbuch zur In-Ästhetik</marc:subfield>
         <marc:subfield code="c">Alain Badiou ; aus dem Französischen von Karin Schreiner</marc:subfield>
      </marc:datafield>
      <marc:datafield tag="264" ind1=" " ind2="1">
         <marc:subfield code="a">Wien</marc:subfield>
         <marc:subfield code="b">Turia + Kant</marc:subfield>
         <marc:subfield code="c">2001</marc:subfield>
      </marc:datafield>
      <marc:datafield tag="300" ind1=" " ind2=" ">
         <marc:subfield code="a">190 S</marc:subfield>
      </marc:datafield>
      <marc:datafield tag="336" ind1=" " ind2=" ">
         <marc:subfield code="a">Text</marc:subfield>
         <marc:subfield code="b">txt</marc:subfield>
         <marc:subfield code="2">rdacontent</marc:subfield>
      </marc:datafield>
      <marc:datafield tag="337" ind1=" " ind2=" ">
         <marc:subfield code="a">ohne Hilfsmittel zu benutzen</marc:subfield>
         <marc:subfield code="b">n</marc:subfield>
         <marc:subfield code="2">rdamedia</marc:subfield>
      </marc:datafield>
      <marc:datafield tag="338" ind1=" " ind2=" ">
         <marc:subfield code="a">Band</marc:subfield>
         <marc:subfield code="b">nc</marc:subfield>
         <marc:subfield code="2">rdacarrier</marc:subfield>
      </marc:datafield>
      <marc:datafield tag="500" ind1=" " ind2=" ">
         <marc:subfield code="a">Literaturverzeichnis: Seite 185-191</marc:subfield>
      </marc:datafield>
      <marc:datafield tag="591" ind1=" " ind2=" ">
         <marc:subfield code="a">*** ISBN 3-85132-170-7 im Buch eingedruckt. ISBN 3-85132-266-5 nicht im Buch eingedruckt, sondern im Gesamtverz. des Verl. "Turia + Kant" und in www.buchhandel.de für dieses Buch angezeigt. &lt;547&gt;,15.01.2004 *** (GBV). - 580:FRUB/Sbt *** 3-85132-170-7 im Buch lt. VLB falsch; 3-85132-266-5 nicht im Buch, sondern aus VLB; 5090 maschinell aus ähnlichen Titelaufnahmen ergänzt ; IMD-Felder und 1131 maschinell ergänzt (SWB)</marc:subfield>
      </marc:datafield>
      <marc:datafield tag="650" ind1=" " ind2="0">
         <marc:subfield code="a">Aesthetics</marc:subfield>
      </marc:datafield>
      <marc:datafield tag="650" ind1=" " ind2="0">
         <marc:subfield code="a">Arts</marc:subfield>
         <marc:subfield code="x">Philosophy</marc:subfield>
      </marc:datafield>
      <marc:datafield tag="655" ind1=" " ind2="7">
         <marc:subfield code="a">Aufsatzsammlung</marc:subfield>
         <marc:subfield code="0">(DE-588)4143413-4</marc:subfield>
         <marc:subfield code="0">(DE-627)105605727</marc:subfield>
         <marc:subfield code="0">(DE-576)209726091</marc:subfield>
         <marc:subfield code="2">gnd-content</marc:subfield>
      </marc:datafield>
      <marc:datafield tag="689" ind1="0" ind2="0">
         <marc:subfield code="D">s</marc:subfield>
         <marc:subfield code="0">(DE-588)4000626-8</marc:subfield>
         <marc:subfield code="0">(DE-627)106400541</marc:subfield>
         <marc:subfield code="0">(DE-576)208838821</marc:subfield>
         <marc:subfield code="a">Ästhetik</marc:subfield>
         <marc:subfield code="2">gnd</marc:subfield>
      </marc:datafield>
      <marc:datafield tag="689" ind1="0" ind2="1">
         <marc:subfield code="D">s</marc:subfield>
         <marc:subfield code="0">(DE-588)4045791-6</marc:subfield>
         <marc:subfield code="0">(DE-627)106200259</marc:subfield>
         <marc:subfield code="0">(DE-576)209066873</marc:subfield>
         <marc:subfield code="a">Philosophie</marc:subfield>
         <marc:subfield code="2">gnd</marc:subfield>
      </marc:datafield>
      <marc:datafield tag="689" ind1="0" ind2=" ">
         <marc:subfield code="5">DE-101</marc:subfield>
      </marc:datafield>
      <marc:datafield tag="689" ind1="1" ind2="0">
         <marc:subfield code="D">s</marc:subfield>
         <marc:subfield code="0">(DE-588)4000626-8</marc:subfield>
         <marc:subfield code="0">(DE-627)106400541</marc:subfield>
         <marc:subfield code="0">(DE-576)208838821</marc:subfield>
         <marc:subfield code="a">Ästhetik</marc:subfield>
         <marc:subfield code="2">gnd</marc:subfield>
      </marc:datafield>
      <marc:datafield tag="689" ind1="1" ind2="1">
         <marc:subfield code="D">s</marc:subfield>
         <marc:subfield code="0">(DE-588)4114333-4</marc:subfield>
         <marc:subfield code="0">(DE-627)105822957</marc:subfield>
         <marc:subfield code="0">(DE-576)209483733</marc:subfield>
         <marc:subfield code="a">Kunst</marc:subfield>
         <marc:subfield code="2">gnd</marc:subfield>
      </marc:datafield>
      <marc:datafield tag="689" ind1="1" ind2="2">
         <marc:subfield code="D">s</marc:subfield>
         <marc:subfield code="0">(DE-588)4045791-6</marc:subfield>
         <marc:subfield code="0">(DE-627)106200259</marc:subfield>
         <marc:subfield code="0">(DE-576)209066873</marc:subfield>
         <marc:subfield code="a">Philosophie</marc:subfield>
         <marc:subfield code="2">gnd</marc:subfield>
      </marc:datafield>
      <marc:datafield tag="689" ind1="1" ind2=" ">
         <marc:subfield code="5">(DE-627)</marc:subfield>
      </marc:datafield>
      <marc:datafield tag="700" ind1="1" ind2=" ">
         <marc:subfield code="a">Schweder-Schreiner, Karin von</marc:subfield>
         <marc:subfield code="d">1943-</marc:subfield>
         <marc:subfield code="e">ÜbersetzerIn</marc:subfield>
         <marc:subfield code="0">(DE-588)13324542X</marc:subfield>
         <marc:subfield code="0">(DE-627)539313750</marc:subfield>
         <marc:subfield code="0">(DE-576)163796378</marc:subfield>
         <marc:subfield code="4">trl</marc:subfield>
      </marc:datafield>
      <marc:datafield tag="935" ind1=" " ind2=" ">
         <marc:subfield code="a">mteo</marc:subfield>
      </marc:datafield>
      <marc:datafield tag="935" ind1=" " ind2=" ">
         <marc:subfield code="i">Blocktest</marc:subfield>
      </marc:datafield>
      <marc:datafield tag="936" ind1="r" ind2="v">
         <marc:subfield code="a">CC 6900</marc:subfield>
         <marc:subfield code="b">Abhandlungen zur Ästhetik und Kunstphilosophie</marc:subfield>
         <marc:subfield code="k">Philosophie</marc:subfield>
         <marc:subfield code="k">Systematische Philosophie</marc:subfield>
         <marc:subfield code="k">Ästhetik und Kunstphilosophie</marc:subfield>
         <marc:subfield code="k">Abhandlungen zur Ästhetik und Kunstphilosophie</marc:subfield>
         <marc:subfield code="0">(DE-627)1270699040</marc:subfield>
         <marc:subfield code="0">(DE-625)rvk/17665:</marc:subfield>
         <marc:subfield code="0">(DE-576)200699040</marc:subfield>
      </marc:datafield>
      <marc:datafield tag="936" ind1="r" ind2="v">
         <marc:subfield code="a">CI 5478</marc:subfield>
         <marc:subfield code="b">Primärliteratur</marc:subfield>
         <marc:subfield code="k">Philosophie</marc:subfield>
         <marc:subfield code="k">Geschichte der Philosophie</marc:subfield>
         <marc:subfield code="k">Geschichte der Philosophie des Abendlandes von Antike bis 20. Jahrhundert</marc:subfield>
         <marc:subfield code="k">Philosophie des 20. Jahrhunderts</marc:subfield>
         <marc:subfield code="k">Frankreich und französischsprachige Länder sowie Rumänien</marc:subfield>
         <marc:subfield code="k">Autoren</marc:subfield>
         <marc:subfield code="k">Badiou, Alain</marc:subfield>
         <marc:subfield code="k">Primärliteratur</marc:subfield>
         <marc:subfield code="0">(DE-627)1344278647</marc:subfield>
         <marc:subfield code="0">(DE-625)rvk/18474:11797</marc:subfield>
         <marc:subfield code="0">(DE-576)274278642</marc:subfield>
      </marc:datafield>
      <marc:datafield tag="936" ind1="b" ind2="k">
         <marc:subfield code="a">08.41</marc:subfield>
         <marc:subfield code="j">Ästhetik</marc:subfield>
         <marc:subfield code="x">Philosophie</marc:subfield>
         <marc:subfield code="0">(DE-627)106403044</marc:subfield>
      </marc:datafield>
      <marc:datafield tag="936" ind1="b" ind2="k">
         <marc:subfield code="a">17.89</marc:subfield>
         <marc:subfield code="j">Literaturtheorie: Sonstiges</marc:subfield>
         <marc:subfield code="0">(DE-627)106404466</marc:subfield>
      </marc:datafield>
      <marc:datafield tag="936" ind1="b" ind2="k">
         <marc:subfield code="a">20.06</marc:subfield>
         <marc:subfield code="j">Kunstphilosophie</marc:subfield>
         <marc:subfield code="j">Kunsttheorie</marc:subfield>
         <marc:subfield code="0">(DE-627)10641433X</marc:subfield>
      </marc:datafield>
      <marc:datafield tag="951" ind1=" " ind2=" ">
         <marc:subfield code="a">BO</marc:subfield>
      </marc:datafield>
   </marc:record>