
   <marc:record>
      <marc:leader>     cam a22        4500</marc:leader>
      <marc:controlfield tag="001">100361005</marc:controlfield>
      <marc:controlfield tag="003">DE-576</marc:controlfield>
      <marc:controlfield tag="005">20210612172226.0</marc:controlfield>
      <marc:controlfield tag="007">tu</marc:controlfield>
      <marc:controlfield tag="008">010822s2001    gw |||||      00| ||ger c</marc:controlfield>
      <marc:datafield tag="015" ind1=" " ind2=" ">
         <marc:subfield code="a">01,N36,0671</marc:subfield>
         <marc:subfield code="2">dnb</marc:subfield>
      </marc:datafield>
      <marc:datafield tag="015" ind1=" " ind2=" ">
         <marc:subfield code="a">02,A02,1050</marc:subfield>
         <marc:subfield code="2">dnb</marc:subfield>
      </marc:datafield>
      <marc:datafield tag="016" ind1="7" ind2=" ">
         <marc:subfield code="a">962134376</marc:subfield>
         <marc:subfield code="2">DE-101</marc:subfield>
      </marc:datafield>
      <marc:datafield tag="020" ind1=" " ind2=" ">
         <marc:subfield code="a">3935456018</marc:subfield>
         <marc:subfield code="c">kart. : EUR 25.00, sfr 44.00</marc:subfield>
         <marc:subfield code="9">3-935456-01-8</marc:subfield>
      </marc:datafield>
      <marc:datafield tag="035" ind1=" " ind2=" ">
         <marc:subfield code="a">(DE-627)333038169</marc:subfield>
      </marc:datafield>
      <marc:datafield tag="035" ind1=" " ind2=" ">
         <marc:subfield code="a">(DE-576)100361005</marc:subfield>
      </marc:datafield>
      <marc:datafield tag="035" ind1=" " ind2=" ">
         <marc:subfield code="a">(DE-599)DNB962134376</marc:subfield>
      </marc:datafield>
      <marc:datafield tag="035" ind1=" " ind2=" ">
         <marc:subfield code="a">(OCoLC)313962601</marc:subfield>
      </marc:datafield>
      <marc:datafield tag="035" ind1=" " ind2=" ">
         <marc:subfield code="a">(OCoLC)313962601</marc:subfield>
      </marc:datafield>
      <marc:datafield tag="040" ind1=" " ind2=" ">
         <marc:subfield code="a">DE-576</marc:subfield>
         <marc:subfield code="b">ger</marc:subfield>
         <marc:subfield code="c">DE-576</marc:subfield>
         <marc:subfield code="e">rakwb</marc:subfield>
      </marc:datafield>
      <marc:datafield tag="041" ind1=" " ind2=" ">
         <marc:subfield code="a">ger</marc:subfield>
         <marc:subfield code="a">eng</marc:subfield>
      </marc:datafield>
      <marc:datafield tag="041" ind1=" " ind2=" ">
         <marc:subfield code="h">ger</marc:subfield>
      </marc:datafield>
      <marc:datafield tag="044" ind1=" " ind2=" ">
         <marc:subfield code="c">XA-DE</marc:subfield>
      </marc:datafield>
      <marc:datafield tag="084" ind1=" " ind2=" ">
         <marc:subfield code="a">49</marc:subfield>
         <marc:subfield code="2">sdnb</marc:subfield>
      </marc:datafield>
      <marc:datafield tag="084" ind1=" " ind2=" ">
         <marc:subfield code="a">LR 53183</marc:subfield>
         <marc:subfield code="2">rvk</marc:subfield>
         <marc:subfield code="0">(DE-625)rvk/109493:</marc:subfield>
      </marc:datafield>
      <marc:datafield tag="084" ind1=" " ind2=" ">
         <marc:subfield code="a">ZY 5070</marc:subfield>
         <marc:subfield code="2">rvk</marc:subfield>
         <marc:subfield code="0">(DE-625)rvk/158644:13010</marc:subfield>
      </marc:datafield>
      <marc:datafield tag="084" ind1=" " ind2=" ">
         <marc:subfield code="a">AP 73900</marc:subfield>
         <marc:subfield code="2">rvk</marc:subfield>
         <marc:subfield code="0">(DE-625)rvk/7927:</marc:subfield>
      </marc:datafield>
      <marc:datafield tag="100" ind1="1" ind2=" ">
         <marc:subfield code="a">Ploebst, Helmut</marc:subfield>
         <marc:subfield code="4">aut</marc:subfield>
      </marc:datafield>
      <marc:datafield tag="245" ind1="1" ind2="0">
         <marc:subfield code="a">No wind no word</marc:subfield>
         <marc:subfield code="b">neue Choreographie in der Gesellschaft des Spektakels = New choreography in the society of the spectacle ; 9 Portraits: Meg Stuart, Vera Mantero, Xavier LeRoy, Benoît Lachambre, Raimund Hoghe, Emio Greco/PC, João Fiadeiro, Boris Charmatz; Jérôme Bel</marc:subfield>
         <marc:subfield code="c">Helmut Ploebst. [Übers. ins Engl.: David Ender]</marc:subfield>
      </marc:datafield>
      <marc:datafield tag="246" ind1="3" ind2="1">
         <marc:subfield code="a">New choreography in the society of the spectacle ; 9 Portraits: Meg Stuart, Vera Mantero, Xavier LeRoy, Benoît Lachambre, Raimund Hoghe, Emio Greco/PC, João Fiadeiro, Boris Charmatz; Jérôme Bel</marc:subfield>
      </marc:datafield>
      <marc:datafield tag="246" ind1="3" ind2="0">
         <marc:subfield code="a">leroy le</marc:subfield>
      </marc:datafield>
      <marc:datafield tag="263" ind1=" " ind2=" ">
         <marc:subfield code="a">kart. : EUR 25.00, sfr 44.00</marc:subfield>
      </marc:datafield>
      <marc:datafield tag="264" ind1=" " ind2="1">
         <marc:subfield code="a">München</marc:subfield>
         <marc:subfield code="b">Kieser</marc:subfield>
         <marc:subfield code="c">2001</marc:subfield>
      </marc:datafield>
      <marc:datafield tag="300" ind1=" " ind2=" ">
         <marc:subfield code="a">285 S.</marc:subfield>
         <marc:subfield code="b">Ill.</marc:subfield>
         <marc:subfield code="c">29 cm</marc:subfield>
      </marc:datafield>
      <marc:datafield tag="336" ind1=" " ind2=" ">
         <marc:subfield code="a">Text</marc:subfield>
         <marc:subfield code="b">txt</marc:subfield>
         <marc:subfield code="2">rdacontent</marc:subfield>
      </marc:datafield>
      <marc:datafield tag="337" ind1=" " ind2=" ">
         <marc:subfield code="a">ohne Hilfsmittel zu benutzen</marc:subfield>
         <marc:subfield code="b">n</marc:subfield>
         <marc:subfield code="2">rdamedia</marc:subfield>
      </marc:datafield>
      <marc:datafield tag="338" ind1=" " ind2=" ">
         <marc:subfield code="a">Band</marc:subfield>
         <marc:subfield code="b">nc</marc:subfield>
         <marc:subfield code="2">rdacarrier</marc:subfield>
      </marc:datafield>
      <marc:datafield tag="500" ind1=" " ind2=" ">
         <marc:subfield code="a">Literaturverz. S. 279 - 283</marc:subfield>
      </marc:datafield>
      <marc:datafield tag="500" ind1=" " ind2=" ">
         <marc:subfield code="a">Text dt. und engl. - Literaturverz. S. 279 - 283</marc:subfield>
      </marc:datafield>
      <marc:datafield tag="591" ind1=" " ind2=" ">
         <marc:subfield code="a">IMD-Felder und 1131 maschinell ergänzt (SWB)</marc:subfield>
      </marc:datafield>
      <marc:datafield tag="650" ind1=" " ind2="4">
         <marc:subfield code="a">Choreographers</marc:subfield>
         <marc:subfield code="x">Biography</marc:subfield>
         <marc:subfield code="x">Europe</marc:subfield>
      </marc:datafield>
      <marc:datafield tag="650" ind1=" " ind2="4">
         <marc:subfield code="a">Choreography</marc:subfield>
         <marc:subfield code="x">Europe</marc:subfield>
      </marc:datafield>
      <marc:datafield tag="650" ind1=" " ind2="4">
         <marc:subfield code="a">Modern dance</marc:subfield>
         <marc:subfield code="x">Social aspects</marc:subfield>
         <marc:subfield code="x">Europe</marc:subfield>
      </marc:datafield>
      <marc:datafield tag="689" ind1="0" ind2="0">
         <marc:subfield code="D">s</marc:subfield>
         <marc:subfield code="0">(DE-588)4069977-8</marc:subfield>
         <marc:subfield code="0">(DE-627)106101765</marc:subfield>
         <marc:subfield code="0">(DE-576)209178825</marc:subfield>
         <marc:subfield code="a">Choreografie</marc:subfield>
         <marc:subfield code="2">gnd</marc:subfield>
      </marc:datafield>
      <marc:datafield tag="689" ind1="0" ind2="1">
         <marc:subfield code="A">z</marc:subfield>
         <marc:subfield code="2">gnd</marc:subfield>
         <marc:subfield code="a">Geschichte 1990-2000</marc:subfield>
      </marc:datafield>
      <marc:datafield tag="689" ind1="0" ind2=" ">
         <marc:subfield code="5">DE-101</marc:subfield>
      </marc:datafield>
      <marc:datafield tag="689" ind1="1" ind2="0">
         <marc:subfield code="D">g</marc:subfield>
         <marc:subfield code="0">(DE-588)4015701-5</marc:subfield>
         <marc:subfield code="0">(DE-627)104289007</marc:subfield>
         <marc:subfield code="0">(DE-576)208913092</marc:subfield>
         <marc:subfield code="a">Europa</marc:subfield>
         <marc:subfield code="2">gnd</marc:subfield>
      </marc:datafield>
      <marc:datafield tag="689" ind1="1" ind2="1">
         <marc:subfield code="D">s</marc:subfield>
         <marc:subfield code="0">(DE-588)4277171-7</marc:subfield>
         <marc:subfield code="0">(DE-627)104422319</marc:subfield>
         <marc:subfield code="0">(DE-576)210724609</marc:subfield>
         <marc:subfield code="a">Choreograf</marc:subfield>
         <marc:subfield code="2">gnd</marc:subfield>
      </marc:datafield>
      <marc:datafield tag="689" ind1="1" ind2="2">
         <marc:subfield code="D">s</marc:subfield>
         <marc:subfield code="0">(DE-588)4074920-4</marc:subfield>
         <marc:subfield code="0">(DE-627)106087975</marc:subfield>
         <marc:subfield code="0">(DE-576)209195738</marc:subfield>
         <marc:subfield code="a">Modern Dance</marc:subfield>
         <marc:subfield code="2">gnd</marc:subfield>
      </marc:datafield>
      <marc:datafield tag="689" ind1="1" ind2="3">
         <marc:subfield code="D">s</marc:subfield>
         <marc:subfield code="0">(DE-588)4006804-3</marc:subfield>
         <marc:subfield code="0">(DE-627)104213493</marc:subfield>
         <marc:subfield code="0">(DE-576)208867147</marc:subfield>
         <marc:subfield code="a">Biografie</marc:subfield>
         <marc:subfield code="2">gnd</marc:subfield>
      </marc:datafield>
      <marc:datafield tag="689" ind1="1" ind2=" ">
         <marc:subfield code="5">(DE-627)</marc:subfield>
      </marc:datafield>
      <marc:datafield tag="689" ind1="2" ind2="0">
         <marc:subfield code="D">p</marc:subfield>
         <marc:subfield code="0">(DE-588)124221157</marc:subfield>
         <marc:subfield code="0">(DE-627)085716936</marc:subfield>
         <marc:subfield code="0">(DE-576)215464877</marc:subfield>
         <marc:subfield code="a">Stuart, Meg</marc:subfield>
         <marc:subfield code="d">1965-</marc:subfield>
         <marc:subfield code="2">gnd</marc:subfield>
      </marc:datafield>
      <marc:datafield tag="689" ind1="2" ind2="1">
         <marc:subfield code="D">p</marc:subfield>
         <marc:subfield code="0">(DE-588)140133372</marc:subfield>
         <marc:subfield code="0">(DE-627)703577530</marc:subfield>
         <marc:subfield code="0">(DE-576)31472270X</marc:subfield>
         <marc:subfield code="a">Mantero, Vera</marc:subfield>
         <marc:subfield code="d">1966-</marc:subfield>
         <marc:subfield code="2">gnd</marc:subfield>
      </marc:datafield>
      <marc:datafield tag="689" ind1="2" ind2="2">
         <marc:subfield code="D">p</marc:subfield>
         <marc:subfield code="0">(DE-588)124221068</marc:subfield>
         <marc:subfield code="0">(DE-627)085716855</marc:subfield>
         <marc:subfield code="0">(DE-576)215464834</marc:subfield>
         <marc:subfield code="a">Le Roy, Xavier</marc:subfield>
         <marc:subfield code="d">1963-</marc:subfield>
         <marc:subfield code="2">gnd</marc:subfield>
      </marc:datafield>
      <marc:datafield tag="689" ind1="2" ind2="3">
         <marc:subfield code="D">p</marc:subfield>
         <marc:subfield code="0">(DE-588)102962187X</marc:subfield>
         <marc:subfield code="0">(DE-627)734323522</marc:subfield>
         <marc:subfield code="0">(DE-576)377485098</marc:subfield>
         <marc:subfield code="a">Lachambre, Benoît</marc:subfield>
         <marc:subfield code="d">1960-</marc:subfield>
         <marc:subfield code="2">gnd</marc:subfield>
      </marc:datafield>
      <marc:datafield tag="689" ind1="2" ind2="4">
         <marc:subfield code="D">p</marc:subfield>
         <marc:subfield code="0">(DE-588)108439577</marc:subfield>
         <marc:subfield code="0">(DE-627)552663158</marc:subfield>
         <marc:subfield code="0">(DE-576)161463991</marc:subfield>
         <marc:subfield code="a">Hoghe, Raimund</marc:subfield>
         <marc:subfield code="d">1949-2021</marc:subfield>
         <marc:subfield code="2">gnd</marc:subfield>
      </marc:datafield>
      <marc:datafield tag="689" ind1="2" ind2="5">
         <marc:subfield code="D">p</marc:subfield>
         <marc:subfield code="0">(DE-588)129690260</marc:subfield>
         <marc:subfield code="0">(DE-627)477586503</marc:subfield>
         <marc:subfield code="0">(DE-576)21662021X</marc:subfield>
         <marc:subfield code="a">Greco, Emio</marc:subfield>
         <marc:subfield code="d">1965-</marc:subfield>
         <marc:subfield code="2">gnd</marc:subfield>
      </marc:datafield>
      <marc:datafield tag="689" ind1="2" ind2="6">
         <marc:subfield code="D">p</marc:subfield>
         <marc:subfield code="0">(DE-588)139065059</marc:subfield>
         <marc:subfield code="0">(DE-627)608102873</marc:subfield>
         <marc:subfield code="0">(DE-576)31013935X</marc:subfield>
         <marc:subfield code="a">Fiadeiro, João</marc:subfield>
         <marc:subfield code="d">1965-</marc:subfield>
         <marc:subfield code="2">gnd</marc:subfield>
      </marc:datafield>
      <marc:datafield tag="689" ind1="2" ind2="7">
         <marc:subfield code="D">p</marc:subfield>
         <marc:subfield code="0">(DE-588)140035095</marc:subfield>
         <marc:subfield code="0">(DE-627)615241506</marc:subfield>
         <marc:subfield code="0">(DE-576)187023220</marc:subfield>
         <marc:subfield code="a">Charmatz, Boris</marc:subfield>
         <marc:subfield code="d">1973-</marc:subfield>
         <marc:subfield code="2">gnd</marc:subfield>
      </marc:datafield>
      <marc:datafield tag="689" ind1="2" ind2="8">
         <marc:subfield code="D">p</marc:subfield>
         <marc:subfield code="0">(DE-588)124221149</marc:subfield>
         <marc:subfield code="0">(DE-627)706576012</marc:subfield>
         <marc:subfield code="0">(DE-576)215464869</marc:subfield>
         <marc:subfield code="a">Bel, Jérôme</marc:subfield>
         <marc:subfield code="d">1964-</marc:subfield>
         <marc:subfield code="2">gnd</marc:subfield>
      </marc:datafield>
      <marc:datafield tag="689" ind1="2" ind2=" ">
         <marc:subfield code="5">(DE-627)</marc:subfield>
      </marc:datafield>
      <marc:datafield tag="856" ind1="4" ind2="2">
         <marc:subfield code="u">http://d-nb.info/962134376/04</marc:subfield>
         <marc:subfield code="m">V:DE-605</marc:subfield>
         <marc:subfield code="q">application/pdf</marc:subfield>
         <marc:subfield code="v">20130501</marc:subfield>
         <marc:subfield code="x">Verlag</marc:subfield>
         <marc:subfield code="3">Inhaltsverzeichnis</marc:subfield>
      </marc:datafield>
      <marc:datafield tag="856" ind1="4" ind2="2">
         <marc:subfield code="u">http://digitale-objekte.hbz-nrw.de/webclient/DeliveryManager?pid=2288504&amp;custom_att_2=simple_viewer</marc:subfield>
         <marc:subfield code="x">Verlag</marc:subfield>
         <marc:subfield code="y">No wind no word</marc:subfield>
         <marc:subfield code="3">Inhaltsverzeichnis</marc:subfield>
      </marc:datafield>
      <marc:datafield tag="935" ind1=" " ind2=" ">
         <marc:subfield code="i">Blocktest</marc:subfield>
      </marc:datafield>
      <marc:datafield tag="936" ind1="r" ind2="v">
         <marc:subfield code="a">LR 53183</marc:subfield>
         <marc:subfield code="b">Praktische Literatur (Ballettschulen, Anleitungen, Einführungen in die Ballett- und Tanzpraxis)</marc:subfield>
         <marc:subfield code="k">Musikwissenschaft</marc:subfield>
         <marc:subfield code="k">I. Musica theoretica</marc:subfield>
         <marc:subfield code="k">Sachteil: Musica theoretica (einschl. Realien mit geographischem Bezug)</marc:subfield>
         <marc:subfield code="k">Musikalische Gattungen, Formen, Termini</marc:subfield>
         <marc:subfield code="k">Einzelne Gattungen und Formen:</marc:subfield>
         <marc:subfield code="k">Gattungen und Formen B</marc:subfield>
         <marc:subfield code="k">Ballett</marc:subfield>
         <marc:subfield code="k">Praktische Literatur (Ballettschulen, Anleitungen, Einführungen in die Ballett- und Tanzpraxis)</marc:subfield>
         <marc:subfield code="0">(DE-627)1271421461</marc:subfield>
         <marc:subfield code="0">(DE-625)rvk/109493:</marc:subfield>
         <marc:subfield code="0">(DE-576)201421461</marc:subfield>
      </marc:datafield>
      <marc:datafield tag="936" ind1="r" ind2="v">
         <marc:subfield code="a">ZY 5070</marc:subfield>
         <marc:subfield code="b">Allgemeines; Einführungen</marc:subfield>
         <marc:subfield code="k">Sport</marc:subfield>
         <marc:subfield code="k">Sportpraxis</marc:subfield>
         <marc:subfield code="k">Gymnastik, Tanz</marc:subfield>
         <marc:subfield code="k">Tanz</marc:subfield>
         <marc:subfield code="k">Klassischer Tanz, Modern dance, Ausdruckstanz</marc:subfield>
         <marc:subfield code="k">Allgemeines; Einführungen</marc:subfield>
         <marc:subfield code="0">(DE-627)1271640481</marc:subfield>
         <marc:subfield code="0">(DE-625)rvk/158644:13010</marc:subfield>
         <marc:subfield code="0">(DE-576)201640481</marc:subfield>
      </marc:datafield>
      <marc:datafield tag="936" ind1="r" ind2="v">
         <marc:subfield code="a">AP 73900</marc:subfield>
         <marc:subfield code="b">Bewegungslehre, Choreografie, Mimik und Gestik</marc:subfield>
         <marc:subfield code="k">Allgemeines</marc:subfield>
         <marc:subfield code="k">Medien- und Kommunikationswissenschaften, Kommunikationsdesign</marc:subfield>
         <marc:subfield code="k">Theater</marc:subfield>
         <marc:subfield code="k">Schauspielkunst</marc:subfield>
         <marc:subfield code="k">Bewegungslehre, Choreografie, Mimik und Gestik</marc:subfield>
         <marc:subfield code="0">(DE-627)1270692496</marc:subfield>
         <marc:subfield code="0">(DE-625)rvk/7927:</marc:subfield>
         <marc:subfield code="0">(DE-576)200692496</marc:subfield>
      </marc:datafield>
      <marc:datafield tag="951" ind1=" " ind2=" ">
         <marc:subfield code="a">BO</marc:subfield>
      </marc:datafield>
   </marc:record>