
   <marc:record>
      <marc:leader>     cam a22        4500</marc:leader>
      <marc:controlfield tag="001">098746294</marc:controlfield>
      <marc:controlfield tag="003">DE-576</marc:controlfield>
      <marc:controlfield tag="005">20210211074012.0</marc:controlfield>
      <marc:controlfield tag="007">tu</marc:controlfield>
      <marc:controlfield tag="008">010629s2002    xxu|||||      00| ||eng c</marc:controlfield>
      <marc:datafield tag="010" ind1=" " ind2=" ">
         <marc:subfield code="a">  2001003078</marc:subfield>
      </marc:datafield>
      <marc:datafield tag="020" ind1=" " ind2=" ">
         <marc:subfield code="a">9780816638451</marc:subfield>
         <marc:subfield code="c"> : alk. paper</marc:subfield>
         <marc:subfield code="9">978-0-8166-3845-1</marc:subfield>
      </marc:datafield>
      <marc:datafield tag="020" ind1=" " ind2=" ">
         <marc:subfield code="a">9780816638468</marc:subfield>
         <marc:subfield code="c"> : pbk. : alk. paper</marc:subfield>
         <marc:subfield code="9">978-0-8166-3846-8</marc:subfield>
      </marc:datafield>
      <marc:datafield tag="020" ind1=" " ind2=" ">
         <marc:subfield code="a">0816638454</marc:subfield>
         <marc:subfield code="c">(alk. paper)</marc:subfield>
         <marc:subfield code="9">0-8166-3845-4</marc:subfield>
      </marc:datafield>
      <marc:datafield tag="020" ind1=" " ind2=" ">
         <marc:subfield code="a">0816638462</marc:subfield>
         <marc:subfield code="c">(pbk. : alk. paper)</marc:subfield>
         <marc:subfield code="9">0-8166-3846-2</marc:subfield>
      </marc:datafield>
      <marc:datafield tag="024" ind1="3" ind2=" ">
         <marc:subfield code="a">9780816638468</marc:subfield>
      </marc:datafield>
      <marc:datafield tag="035" ind1=" " ind2=" ">
         <marc:subfield code="a">(DE-627)331099594</marc:subfield>
      </marc:datafield>
      <marc:datafield tag="035" ind1=" " ind2=" ">
         <marc:subfield code="a">(DE-576)098746294</marc:subfield>
      </marc:datafield>
      <marc:datafield tag="035" ind1=" " ind2=" ">
         <marc:subfield code="a">(DE-599)GBV331099594</marc:subfield>
      </marc:datafield>
      <marc:datafield tag="035" ind1=" " ind2=" ">
         <marc:subfield code="a">(OCoLC)248545677</marc:subfield>
      </marc:datafield>
      <marc:datafield tag="035" ind1=" " ind2=" ">
         <marc:subfield code="a">(OCoLC)47136388</marc:subfield>
      </marc:datafield>
      <marc:datafield tag="035" ind1=" " ind2=" ">
         <marc:subfield code="a">(OCoLC)248545677</marc:subfield>
      </marc:datafield>
      <marc:datafield tag="040" ind1=" " ind2=" ">
         <marc:subfield code="a">DE-576</marc:subfield>
         <marc:subfield code="b">ger</marc:subfield>
         <marc:subfield code="c">DE-576</marc:subfield>
         <marc:subfield code="e">rakwb</marc:subfield>
      </marc:datafield>
      <marc:datafield tag="041" ind1=" " ind2=" ">
         <marc:subfield code="a">eng</marc:subfield>
      </marc:datafield>
      <marc:datafield tag="044" ind1=" " ind2=" ">
         <marc:subfield code="c">XD-US</marc:subfield>
         <marc:subfield code="c">XA-GB</marc:subfield>
      </marc:datafield>
      <marc:datafield tag="050" ind1=" " ind2="0">
         <marc:subfield code="a">T14</marc:subfield>
      </marc:datafield>
      <marc:datafield tag="082" ind1="0" ind2=" ">
         <marc:subfield code="a">601</marc:subfield>
         <marc:subfield code="q">LOC</marc:subfield>
         <marc:subfield code="2">21</marc:subfield>
      </marc:datafield>
      <marc:datafield tag="084" ind1=" " ind2=" ">
         <marc:subfield code="a">19,2</marc:subfield>
         <marc:subfield code="2">ssgn</marc:subfield>
      </marc:datafield>
      <marc:datafield tag="084" ind1=" " ind2=" ">
         <marc:subfield code="a">ZG 8640</marc:subfield>
         <marc:subfield code="2">rvk</marc:subfield>
         <marc:subfield code="0">(DE-625)rvk/155994:</marc:subfield>
      </marc:datafield>
      <marc:datafield tag="084" ind1=" " ind2=" ">
         <marc:subfield code="a">CC 8280</marc:subfield>
         <marc:subfield code="2">rvk</marc:subfield>
         <marc:subfield code="0">(DE-625)rvk/17703:</marc:subfield>
      </marc:datafield>
      <marc:datafield tag="084" ind1=" " ind2=" ">
         <marc:subfield code="a">CC 8700</marc:subfield>
         <marc:subfield code="2">rvk</marc:subfield>
         <marc:subfield code="0">(DE-625)rvk/17711:</marc:subfield>
      </marc:datafield>
      <marc:datafield tag="084" ind1=" " ind2=" ">
         <marc:subfield code="a">LB 86000</marc:subfield>
         <marc:subfield code="2">rvk</marc:subfield>
         <marc:subfield code="0">(DE-625)rvk/90603:772</marc:subfield>
      </marc:datafield>
      <marc:datafield tag="084" ind1=" " ind2=" ">
         <marc:subfield code="a">LC 59000</marc:subfield>
         <marc:subfield code="2">rvk</marc:subfield>
         <marc:subfield code="0">(DE-625)rvk/90665:772</marc:subfield>
      </marc:datafield>
      <marc:datafield tag="084" ind1=" " ind2=" ">
         <marc:subfield code="a">50.14</marc:subfield>
         <marc:subfield code="2">bkl</marc:subfield>
      </marc:datafield>
      <marc:datafield tag="100" ind1="1" ind2=" ">
         <marc:subfield code="a">Ihde, Don</marc:subfield>
         <marc:subfield code="d">1934-</marc:subfield>
         <marc:subfield code="0">(DE-588)13260485X</marc:subfield>
         <marc:subfield code="0">(DE-627)524415978</marc:subfield>
         <marc:subfield code="0">(DE-576)161534015</marc:subfield>
         <marc:subfield code="4">aut</marc:subfield>
      </marc:datafield>
      <marc:datafield tag="245" ind1="1" ind2="0">
         <marc:subfield code="a">Bodies in technology</marc:subfield>
         <marc:subfield code="c">Don Ihde</marc:subfield>
      </marc:datafield>
      <marc:datafield tag="264" ind1=" " ind2="1">
         <marc:subfield code="a">Minneapolis [u.a.]</marc:subfield>
         <marc:subfield code="b">University of Minnesota Press</marc:subfield>
         <marc:subfield code="c">2002</marc:subfield>
      </marc:datafield>
      <marc:datafield tag="300" ind1=" " ind2=" ">
         <marc:subfield code="a">XX, 155 S.</marc:subfield>
      </marc:datafield>
      <marc:datafield tag="336" ind1=" " ind2=" ">
         <marc:subfield code="a">Text</marc:subfield>
         <marc:subfield code="b">txt</marc:subfield>
         <marc:subfield code="2">rdacontent</marc:subfield>
      </marc:datafield>
      <marc:datafield tag="337" ind1=" " ind2=" ">
         <marc:subfield code="a">ohne Hilfsmittel zu benutzen</marc:subfield>
         <marc:subfield code="b">n</marc:subfield>
         <marc:subfield code="2">rdamedia</marc:subfield>
      </marc:datafield>
      <marc:datafield tag="338" ind1=" " ind2=" ">
         <marc:subfield code="a">Band</marc:subfield>
         <marc:subfield code="b">nc</marc:subfield>
         <marc:subfield code="2">rdacarrier</marc:subfield>
      </marc:datafield>
      <marc:datafield tag="490" ind1="1" ind2=" ">
         <marc:subfield code="a">Electronic mediations</marc:subfield>
         <marc:subfield code="v">5</marc:subfield>
      </marc:datafield>
      <marc:datafield tag="500" ind1=" " ind2=" ">
         <marc:subfield code="a">Hier auch später erschienene, unveränderte Nachdrucke</marc:subfield>
      </marc:datafield>
      <marc:datafield tag="500" ind1=" " ind2=" ">
         <marc:subfield code="a">Includes bibliographical references and index</marc:subfield>
      </marc:datafield>
      <marc:datafield tag="583" ind1="1" ind2=" ">
         <marc:subfield code="a">Archivierung/Langzeitarchivierung geplant</marc:subfield>
         <marc:subfield code="c">20200919</marc:subfield>
         <marc:subfield code="f">DE-640</marc:subfield>
         <marc:subfield code="z">2</marc:subfield>
         <marc:subfield code="2">pdager</marc:subfield>
      </marc:datafield>
      <marc:datafield tag="591" ind1=" " ind2=" ">
         <marc:subfield code="a">580-582 TUUB/sst; 720 ddsu/sur ; 720 ff. (DDC): GBV/LOC ; IMD-Felder maschinell ergänzt (SWB)</marc:subfield>
      </marc:datafield>
      <marc:datafield tag="650" ind1=" " ind2="0">
         <marc:subfield code="a">Technology</marc:subfield>
         <marc:subfield code="x">Philosophy</marc:subfield>
      </marc:datafield>
      <marc:datafield tag="650" ind1=" " ind2="0">
         <marc:subfield code="a">Virtual reality</marc:subfield>
      </marc:datafield>
      <marc:datafield tag="650" ind1=" " ind2="0">
         <marc:subfield code="a">Technology</marc:subfield>
         <marc:subfield code="x">Philosophy</marc:subfield>
      </marc:datafield>
      <marc:datafield tag="650" ind1=" " ind2="0">
         <marc:subfield code="a">Virtual reality</marc:subfield>
      </marc:datafield>
      <marc:datafield tag="689" ind1="0" ind2="0">
         <marc:subfield code="D">s</marc:subfield>
         <marc:subfield code="0">(DE-588)4126976-7</marc:subfield>
         <marc:subfield code="0">(DE-627)105728306</marc:subfield>
         <marc:subfield code="0">(DE-576)209589698</marc:subfield>
         <marc:subfield code="a">Technikphilosophie</marc:subfield>
         <marc:subfield code="2">gnd</marc:subfield>
      </marc:datafield>
      <marc:datafield tag="689" ind1="0" ind2=" ">
         <marc:subfield code="5">(DE-627)</marc:subfield>
      </marc:datafield>
      <marc:datafield tag="689" ind1="1" ind2="0">
         <marc:subfield code="D">s</marc:subfield>
         <marc:subfield code="0">(DE-588)4399931-1</marc:subfield>
         <marc:subfield code="0">(DE-627)192049208</marc:subfield>
         <marc:subfield code="0">(DE-576)212051865</marc:subfield>
         <marc:subfield code="a">Virtuelle Realität</marc:subfield>
         <marc:subfield code="2">gnd</marc:subfield>
      </marc:datafield>
      <marc:datafield tag="689" ind1="1" ind2=" ">
         <marc:subfield code="5">(DE-627)</marc:subfield>
      </marc:datafield>
      <marc:datafield tag="830" ind1=" " ind2="0">
         <marc:subfield code="a">Electronic mediations</marc:subfield>
         <marc:subfield code="v">5</marc:subfield>
         <marc:subfield code="9">5</marc:subfield>
         <marc:subfield code="w">(DE-627)518929477</marc:subfield>
         <marc:subfield code="w">(DE-576)082598932</marc:subfield>
         <marc:subfield code="w">(DE-600)2255210-8</marc:subfield>
      </marc:datafield>
      <marc:datafield tag="850" ind1=" " ind2=" ">
         <marc:subfield code="a">ab</marc:subfield>
      </marc:datafield>
      <marc:datafield tag="935" ind1=" " ind2=" ">
         <marc:subfield code="a">BGTS</marc:subfield>
      </marc:datafield>
      <marc:datafield tag="935" ind1=" " ind2=" ">
         <marc:subfield code="i">Blocktest</marc:subfield>
      </marc:datafield>
      <marc:datafield tag="936" ind1="r" ind2="v">
         <marc:subfield code="a">ZG 8640</marc:subfield>
         <marc:subfield code="b">Beziehungen zu anderen Gebieten</marc:subfield>
         <marc:subfield code="k">Technik</marc:subfield>
         <marc:subfield code="k">Technik allgemein</marc:subfield>
         <marc:subfield code="k">Beziehungen zu anderen Gebieten</marc:subfield>
         <marc:subfield code="0">(DE-627)1271158167</marc:subfield>
         <marc:subfield code="0">(DE-625)rvk/155994:</marc:subfield>
         <marc:subfield code="0">(DE-576)201158167</marc:subfield>
      </marc:datafield>
      <marc:datafield tag="936" ind1="r" ind2="v">
         <marc:subfield code="a">CC 8280</marc:subfield>
         <marc:subfield code="b">Technik und Wissenschaft als Kulturproblem</marc:subfield>
         <marc:subfield code="k">Philosophie</marc:subfield>
         <marc:subfield code="k">Systematische Philosophie</marc:subfield>
         <marc:subfield code="k">Geschichts- und Kulturphilosophie</marc:subfield>
         <marc:subfield code="k">Technik und Wissenschaft als Kulturproblem</marc:subfield>
         <marc:subfield code="0">(DE-627)1270639293</marc:subfield>
         <marc:subfield code="0">(DE-625)rvk/17703:</marc:subfield>
         <marc:subfield code="0">(DE-576)200639293</marc:subfield>
      </marc:datafield>
      <marc:datafield tag="936" ind1="r" ind2="v">
         <marc:subfield code="a">CC 8700</marc:subfield>
         <marc:subfield code="b">Technikphilosophie</marc:subfield>
         <marc:subfield code="k">Philosophie</marc:subfield>
         <marc:subfield code="k">Systematische Philosophie</marc:subfield>
         <marc:subfield code="k">Technikphilosophie</marc:subfield>
         <marc:subfield code="0">(DE-627)1271840863</marc:subfield>
         <marc:subfield code="0">(DE-625)rvk/17711:</marc:subfield>
         <marc:subfield code="0">(DE-576)201840863</marc:subfield>
      </marc:datafield>
      <marc:datafield tag="936" ind1="r" ind2="v">
         <marc:subfield code="a">LB 86000</marc:subfield>
         <marc:subfield code="b">Darstellung ohne geografischen Bezug</marc:subfield>
         <marc:subfield code="k">Ethnologie</marc:subfield>
         <marc:subfield code="k">Materielle Kultur und Wirtschaftsethnologie</marc:subfield>
         <marc:subfield code="k">Produktion und Herstellungsverfahren</marc:subfield>
         <marc:subfield code="k">Allgemeines, Theoretisches, Zusammenfassendes</marc:subfield>
         <marc:subfield code="k">Darstellung ohne geografischen Bezug</marc:subfield>
         <marc:subfield code="0">(DE-627)1271867680</marc:subfield>
         <marc:subfield code="0">(DE-625)rvk/90603:772</marc:subfield>
         <marc:subfield code="0">(DE-576)201867680</marc:subfield>
      </marc:datafield>
      <marc:datafield tag="936" ind1="r" ind2="v">
         <marc:subfield code="a">LC 59000</marc:subfield>
         <marc:subfield code="b">Darstellung ohne geografischen Bezug</marc:subfield>
         <marc:subfield code="k">Ethnologie</marc:subfield>
         <marc:subfield code="k">Kunst und Wissen</marc:subfield>
         <marc:subfield code="k">Wissen und Wahrnehmung</marc:subfield>
         <marc:subfield code="k">Anthropologie der Sinne und der Körperlichkeit</marc:subfield>
         <marc:subfield code="k">Darstellung ohne geografischen Bezug</marc:subfield>
         <marc:subfield code="0">(DE-627)1272279863</marc:subfield>
         <marc:subfield code="0">(DE-625)rvk/90665:772</marc:subfield>
         <marc:subfield code="0">(DE-576)202279863</marc:subfield>
      </marc:datafield>
      <marc:datafield tag="936" ind1="b" ind2="k">
         <marc:subfield code="a">50.14</marc:subfield>
         <marc:subfield code="j">Technik in Beziehung zu anderen Gebieten</marc:subfield>
         <marc:subfield code="0">(DE-627)106410717</marc:subfield>
      </marc:datafield>
      <marc:datafield tag="951" ind1=" " ind2=" ">
         <marc:subfield code="a">BO</marc:subfield>
      </marc:datafield>
   </marc:record>