
   <marc:record>
      <marc:leader>     cas a22        4500</marc:leader>
      <marc:controlfield tag="001">083124098</marc:controlfield>
      <marc:controlfield tag="003">DE-576</marc:controlfield>
      <marc:controlfield tag="005">20190609044326.0</marc:controlfield>
      <marc:controlfield tag="007">tu</marc:controlfield>
      <marc:controlfield tag="008">001013c19939999be f| p|      0   |0fre c</marc:controlfield>
      <marc:datafield tag="016" ind1="7" ind2=" ">
         <marc:subfield code="a">020016433</marc:subfield>
         <marc:subfield code="2">DE-101</marc:subfield>
      </marc:datafield>
      <marc:datafield tag="016" ind1="7" ind2=" ">
         <marc:subfield code="a">2000538-6</marc:subfield>
         <marc:subfield code="2">DE-600</marc:subfield>
      </marc:datafield>
      <marc:datafield tag="022" ind1=" " ind2=" ">
         <marc:subfield code="a">0778-9580</marc:subfield>
      </marc:datafield>
      <marc:datafield tag="035" ind1=" " ind2=" ">
         <marc:subfield code="a">(DE-627)320404846</marc:subfield>
      </marc:datafield>
      <marc:datafield tag="035" ind1=" " ind2=" ">
         <marc:subfield code="a">(DE-576)083124098</marc:subfield>
      </marc:datafield>
      <marc:datafield tag="035" ind1=" " ind2=" ">
         <marc:subfield code="a">(DE-599)ZDB2000538-6</marc:subfield>
      </marc:datafield>
      <marc:datafield tag="035" ind1=" " ind2=" ">
         <marc:subfield code="a">(OCoLC)31594608</marc:subfield>
      </marc:datafield>
      <marc:datafield tag="040" ind1=" " ind2=" ">
         <marc:subfield code="a">DE-576</marc:subfield>
         <marc:subfield code="b">ger</marc:subfield>
         <marc:subfield code="c">DE-576</marc:subfield>
         <marc:subfield code="e">rakwb</marc:subfield>
      </marc:datafield>
      <marc:datafield tag="041" ind1=" " ind2=" ">
         <marc:subfield code="a">fre</marc:subfield>
      </marc:datafield>
      <marc:datafield tag="044" ind1=" " ind2=" ">
         <marc:subfield code="c">XA-BE</marc:subfield>
      </marc:datafield>
      <marc:datafield tag="082" ind1="0" ind2="4">
         <marc:subfield code="a">792</marc:subfield>
         <marc:subfield code="q">DE-600</marc:subfield>
      </marc:datafield>
      <marc:datafield tag="084" ind1=" " ind2=" ">
         <marc:subfield code="a">THEATER</marc:subfield>
         <marc:subfield code="q">DE-30</marc:subfield>
         <marc:subfield code="2">fid</marc:subfield>
      </marc:datafield>
      <marc:datafield tag="245" ind1="1" ind2="0">
         <marc:subfield code="a">Nouvelles de danse</marc:subfield>
         <marc:subfield code="b">périodique semestriel</marc:subfield>
      </marc:datafield>
      <marc:datafield tag="247" ind1="1" ind2="0">
         <marc:subfield code="a">périodique trimestriel</marc:subfield>
         <marc:subfield code="f">Zusatz 17.1993 - 31.1997</marc:subfield>
      </marc:datafield>
      <marc:datafield tag="264" ind1="3" ind2="1">
         <marc:subfield code="a">Bruxelles</marc:subfield>
         <marc:subfield code="b">Contredanse asbl</marc:subfield>
         <marc:subfield code="c">1993-</marc:subfield>
      </marc:datafield>
      <marc:datafield tag="300" ind1=" " ind2=" ">
         <marc:subfield code="e">Teils CD-ROMs als Beil.</marc:subfield>
      </marc:datafield>
      <marc:datafield tag="336" ind1=" " ind2=" ">
         <marc:subfield code="a">Text</marc:subfield>
         <marc:subfield code="b">txt</marc:subfield>
         <marc:subfield code="2">rdacontent</marc:subfield>
      </marc:datafield>
      <marc:datafield tag="337" ind1=" " ind2=" ">
         <marc:subfield code="a">ohne Hilfsmittel zu benutzen</marc:subfield>
         <marc:subfield code="b">n</marc:subfield>
         <marc:subfield code="2">rdamedia</marc:subfield>
      </marc:datafield>
      <marc:datafield tag="338" ind1=" " ind2=" ">
         <marc:subfield code="a">Band</marc:subfield>
         <marc:subfield code="b">nc</marc:subfield>
         <marc:subfield code="2">rdacarrier</marc:subfield>
      </marc:datafield>
      <marc:datafield tag="362" ind1="0" ind2=" ">
         <marc:subfield code="a">17.1993 -</marc:subfield>
      </marc:datafield>
      <marc:datafield tag="363" ind1="0" ind2="1">
         <marc:subfield code="a">17</marc:subfield>
         <marc:subfield code="i">1993</marc:subfield>
      </marc:datafield>
      <marc:datafield tag="515" ind1=" " ind2=" ">
         <marc:subfield code="a">Ersch. anfangs vierteljährl., später halbjährl.</marc:subfield>
      </marc:datafield>
      <marc:datafield tag="591" ind1=" " ind2=" ">
         <marc:subfield code="a">Keine DA zu ZDB 2844452-8</marc:subfield>
      </marc:datafield>
      <marc:datafield tag="655" ind1=" " ind2="7">
         <marc:subfield code="a">Zeitschrift</marc:subfield>
         <marc:subfield code="0">(DE-588)4067488-5</marc:subfield>
         <marc:subfield code="0">(DE-627)10454466X</marc:subfield>
         <marc:subfield code="0">(DE-576)20917000X</marc:subfield>
         <marc:subfield code="2">gnd-content</marc:subfield>
      </marc:datafield>
      <marc:datafield tag="770" ind1="0" ind2="8">
         <marc:subfield code="i">Supplement</marc:subfield>
         <marc:subfield code="t">NDD info</marc:subfield>
         <marc:subfield code="d">Bruxelles : Contredanse asbl, 1997</marc:subfield>
         <marc:subfield code="w">(DE-627)510935125</marc:subfield>
         <marc:subfield code="w">(DE-600)2232327-2</marc:subfield>
         <marc:subfield code="w">(DE-576)454380410</marc:subfield>
      </marc:datafield>
      <marc:datafield tag="770" ind1="0" ind2="8">
         <marc:subfield code="i">Supplement</marc:subfield>
         <marc:subfield code="t">Nouvelles de danse</marc:subfield>
         <marc:subfield code="d">Bruxelles : Contredanse, 2015</marc:subfield>
         <marc:subfield code="w">(DE-627)846053152</marc:subfield>
         <marc:subfield code="w">(DE-600)2844452-8</marc:subfield>
         <marc:subfield code="w">(DE-576)454380399</marc:subfield>
      </marc:datafield>
      <marc:datafield tag="780" ind1="0" ind2="0">
         <marc:subfield code="i">Vorg.</marc:subfield>
         <marc:subfield code="t">Nouvelles de danse en communaute française de Belgique</marc:subfield>
         <marc:subfield code="d">Bruxelles : Contredanse asbl, 1990</marc:subfield>
         <marc:subfield code="w">(DE-627)165874589</marc:subfield>
         <marc:subfield code="w">(DE-600)28352-6</marc:subfield>
         <marc:subfield code="w">(DE-576)476702771</marc:subfield>
      </marc:datafield>
      <marc:datafield tag="951" ind1=" " ind2=" ">
         <marc:subfield code="a">JT</marc:subfield>
      </marc:datafield>
   </marc:record>