
   <marc:record>
      <marc:leader>     cam a22        4500</marc:leader>
      <marc:controlfield tag="001">085627607</marc:controlfield>
      <marc:controlfield tag="003">DE-576</marc:controlfield>
      <marc:controlfield tag="005">20210609152906.0</marc:controlfield>
      <marc:controlfield tag="007">tu</marc:controlfield>
      <marc:controlfield tag="008">000620s2000    gw ||||| m    00| ||ger c</marc:controlfield>
      <marc:datafield tag="015" ind1=" " ind2=" ">
         <marc:subfield code="a">00,N26,0509</marc:subfield>
         <marc:subfield code="2">dnb</marc:subfield>
      </marc:datafield>
      <marc:datafield tag="015" ind1=" " ind2=" ">
         <marc:subfield code="a">00,A46,1546</marc:subfield>
         <marc:subfield code="2">dnb</marc:subfield>
      </marc:datafield>
      <marc:datafield tag="016" ind1="7" ind2=" ">
         <marc:subfield code="a">959179267</marc:subfield>
         <marc:subfield code="2">DE-101</marc:subfield>
      </marc:datafield>
      <marc:datafield tag="020" ind1=" " ind2=" ">
         <marc:subfield code="a">3770535057</marc:subfield>
         <marc:subfield code="c">kart. : DM 48.00</marc:subfield>
         <marc:subfield code="9">3-7705-3505-7</marc:subfield>
      </marc:datafield>
      <marc:datafield tag="035" ind1=" " ind2=" ">
         <marc:subfield code="a">(DE-627)314728589</marc:subfield>
      </marc:datafield>
      <marc:datafield tag="035" ind1=" " ind2=" ">
         <marc:subfield code="a">(DE-576)085627607</marc:subfield>
      </marc:datafield>
      <marc:datafield tag="035" ind1=" " ind2=" ">
         <marc:subfield code="a">(DE-599)GBV314728589</marc:subfield>
      </marc:datafield>
      <marc:datafield tag="035" ind1=" " ind2=" ">
         <marc:subfield code="a">(OCoLC)231857668</marc:subfield>
      </marc:datafield>
      <marc:datafield tag="035" ind1=" " ind2=" ">
         <marc:subfield code="a">(OCoLC)46380394</marc:subfield>
      </marc:datafield>
      <marc:datafield tag="035" ind1=" " ind2=" ">
         <marc:subfield code="a">(AT-OBV)AC03050682</marc:subfield>
      </marc:datafield>
      <marc:datafield tag="040" ind1=" " ind2=" ">
         <marc:subfield code="a">DE-576</marc:subfield>
         <marc:subfield code="b">ger</marc:subfield>
         <marc:subfield code="c">DE-576</marc:subfield>
         <marc:subfield code="e">rakwb</marc:subfield>
      </marc:datafield>
      <marc:datafield tag="041" ind1=" " ind2=" ">
         <marc:subfield code="a">ger</marc:subfield>
      </marc:datafield>
      <marc:datafield tag="044" ind1=" " ind2=" ">
         <marc:subfield code="c">XA-DE</marc:subfield>
      </marc:datafield>
      <marc:datafield tag="050" ind1=" " ind2="0">
         <marc:subfield code="a">PN1995.9.H95</marc:subfield>
      </marc:datafield>
      <marc:datafield tag="082" ind1="0" ind2=" ">
         <marc:subfield code="a">791.4365</marc:subfield>
      </marc:datafield>
      <marc:datafield tag="082" ind1="0" ind2=" ">
         <marc:subfield code="a">791.43/65</marc:subfield>
      </marc:datafield>
      <marc:datafield tag="082" ind1="0" ind2="4">
         <marc:subfield code="a">51</marc:subfield>
      </marc:datafield>
      <marc:datafield tag="084" ind1=" " ind2=" ">
         <marc:subfield code="a">51</marc:subfield>
         <marc:subfield code="2">sdnb</marc:subfield>
      </marc:datafield>
      <marc:datafield tag="084" ind1=" " ind2=" ">
         <marc:subfield code="a">AP 53900</marc:subfield>
         <marc:subfield code="q">DE-14/sred</marc:subfield>
         <marc:subfield code="2">rvk</marc:subfield>
         <marc:subfield code="0">(DE-625)rvk/7733:</marc:subfield>
      </marc:datafield>
      <marc:datafield tag="084" ind1=" " ind2=" ">
         <marc:subfield code="a">GE 5208</marc:subfield>
         <marc:subfield code="q">BVB</marc:subfield>
         <marc:subfield code="2">rvk</marc:subfield>
         <marc:subfield code="0">(DE-625)rvk/39120:13551</marc:subfield>
      </marc:datafield>
      <marc:datafield tag="084" ind1=" " ind2=" ">
         <marc:subfield code="a">LC 32000</marc:subfield>
         <marc:subfield code="q">BVB</marc:subfield>
         <marc:subfield code="2">rvk</marc:subfield>
         <marc:subfield code="0">(DE-625)rvk/90642:772</marc:subfield>
      </marc:datafield>
      <marc:datafield tag="084" ind1=" " ind2=" ">
         <marc:subfield code="a">EC 2430</marc:subfield>
         <marc:subfield code="q">BVB</marc:subfield>
         <marc:subfield code="2">rvk</marc:subfield>
         <marc:subfield code="0">(DE-625)rvk/20487:</marc:subfield>
      </marc:datafield>
      <marc:datafield tag="084" ind1=" " ind2=" ">
         <marc:subfield code="a">EC 5410</marc:subfield>
         <marc:subfield code="q">BVB</marc:subfield>
         <marc:subfield code="2">rvk</marc:subfield>
         <marc:subfield code="0">(DE-625)rvk/20606:</marc:subfield>
      </marc:datafield>
      <marc:datafield tag="084" ind1=" " ind2=" ">
         <marc:subfield code="a">17.93</marc:subfield>
         <marc:subfield code="2">bkl</marc:subfield>
      </marc:datafield>
      <marc:datafield tag="084" ind1=" " ind2=" ">
         <marc:subfield code="a">18.10</marc:subfield>
         <marc:subfield code="2">bkl</marc:subfield>
      </marc:datafield>
      <marc:datafield tag="084" ind1=" " ind2=" ">
         <marc:subfield code="a">24.32</marc:subfield>
         <marc:subfield code="2">bkl</marc:subfield>
      </marc:datafield>
      <marc:datafield tag="100" ind1="1" ind2=" ">
         <marc:subfield code="a">Andriopoulos, Stefan</marc:subfield>
         <marc:subfield code="d">1968-</marc:subfield>
         <marc:subfield code="0">(DE-588)1037943600</marc:subfield>
         <marc:subfield code="0">(DE-627)756462371</marc:subfield>
         <marc:subfield code="0">(DE-576)391973967</marc:subfield>
         <marc:subfield code="4">aut</marc:subfield>
      </marc:datafield>
      <marc:datafield tag="245" ind1="1" ind2="0">
         <marc:subfield code="a">Besessene Körper</marc:subfield>
         <marc:subfield code="b">Hypnose, Körperschaften und die Erfindung des Kinos</marc:subfield>
         <marc:subfield code="c">Stefan Andriopoulos</marc:subfield>
      </marc:datafield>
      <marc:datafield tag="264" ind1=" " ind2="1">
         <marc:subfield code="a">München</marc:subfield>
         <marc:subfield code="b">Fink</marc:subfield>
         <marc:subfield code="c">2000</marc:subfield>
      </marc:datafield>
      <marc:datafield tag="300" ind1=" " ind2=" ">
         <marc:subfield code="a">207 S.</marc:subfield>
         <marc:subfield code="b">Ill.</marc:subfield>
      </marc:datafield>
      <marc:datafield tag="336" ind1=" " ind2=" ">
         <marc:subfield code="a">Text</marc:subfield>
         <marc:subfield code="b">txt</marc:subfield>
         <marc:subfield code="2">rdacontent</marc:subfield>
      </marc:datafield>
      <marc:datafield tag="337" ind1=" " ind2=" ">
         <marc:subfield code="a">ohne Hilfsmittel zu benutzen</marc:subfield>
         <marc:subfield code="b">n</marc:subfield>
         <marc:subfield code="2">rdamedia</marc:subfield>
      </marc:datafield>
      <marc:datafield tag="338" ind1=" " ind2=" ">
         <marc:subfield code="a">Band</marc:subfield>
         <marc:subfield code="b">nc</marc:subfield>
         <marc:subfield code="2">rdacarrier</marc:subfield>
      </marc:datafield>
      <marc:datafield tag="500" ind1=" " ind2=" ">
         <marc:subfield code="a">Literaturverz. S. [161] - 201</marc:subfield>
      </marc:datafield>
      <marc:datafield tag="502" ind1=" " ind2=" ">
         <marc:subfield code="a">Zugl.: Hamburg, Univ., Diss., 1998</marc:subfield>
      </marc:datafield>
      <marc:datafield tag="591" ind1=" " ind2=" ">
         <marc:subfield code="a">720 ff. bvb ; 720 ff. (DDC): GBV/LOC ; 5090: L1UB/sred</marc:subfield>
      </marc:datafield>
      <marc:datafield tag="650" ind1=" " ind2="0">
         <marc:subfield code="a">Hypnotism in motion pictures</marc:subfield>
      </marc:datafield>
      <marc:datafield tag="650" ind1=" " ind2="0">
         <marc:subfield code="a">Hypnotism in literature</marc:subfield>
      </marc:datafield>
      <marc:datafield tag="650" ind1=" " ind2="0">
         <marc:subfield code="a">Hypnotism and crime</marc:subfield>
      </marc:datafield>
      <marc:datafield tag="650" ind1=" " ind2="0">
         <marc:subfield code="a">Corporations</marc:subfield>
         <marc:subfield code="x">Corrupt practices</marc:subfield>
      </marc:datafield>
      <marc:datafield tag="650" ind1="0" ind2="7">
         <marc:subfield code="0">(DE-588)4058257-7</marc:subfield>
         <marc:subfield code="0">(DE-627)106147935</marc:subfield>
         <marc:subfield code="0">(DE-576)209125470</marc:subfield>
         <marc:subfield code="a">Stummfilm</marc:subfield>
         <marc:subfield code="2">gnd</marc:subfield>
      </marc:datafield>
      <marc:datafield tag="650" ind1="0" ind2="7">
         <marc:subfield code="0">(DE-588)4503203-8</marc:subfield>
         <marc:subfield code="0">(DE-627)244541124</marc:subfield>
         <marc:subfield code="0">(DE-576)213106140</marc:subfield>
         <marc:subfield code="a">Hypnose</marc:subfield>
         <marc:subfield code="g">Motiv</marc:subfield>
         <marc:subfield code="2">gnd</marc:subfield>
      </marc:datafield>
      <marc:datafield tag="650" ind1="0" ind2="7">
         <marc:subfield code="0">(DE-588)4187583-7</marc:subfield>
         <marc:subfield code="0">(DE-627)10527108X</marc:subfield>
         <marc:subfield code="0">(DE-576)210046740</marc:subfield>
         <marc:subfield code="a">Verbrechen</marc:subfield>
         <marc:subfield code="g">Motiv</marc:subfield>
         <marc:subfield code="2">gnd</marc:subfield>
      </marc:datafield>
      <marc:datafield tag="650" ind1="0" ind2="7">
         <marc:subfield code="0">(DE-588)4113292-0</marc:subfield>
         <marc:subfield code="0">(DE-627)105830437</marc:subfield>
         <marc:subfield code="0">(DE-576)209475285</marc:subfield>
         <marc:subfield code="a">Deutsch</marc:subfield>
         <marc:subfield code="2">gnd</marc:subfield>
      </marc:datafield>
      <marc:datafield tag="650" ind1="0" ind2="7">
         <marc:subfield code="0">(DE-588)4035964-5</marc:subfield>
         <marc:subfield code="0">(DE-627)106245015</marc:subfield>
         <marc:subfield code="0">(DE-576)209015608</marc:subfield>
         <marc:subfield code="a">Literatur</marc:subfield>
         <marc:subfield code="2">gnd</marc:subfield>
      </marc:datafield>
      <marc:datafield tag="650" ind1="0" ind2="7">
         <marc:subfield code="0">(DE-588)4503203-8</marc:subfield>
         <marc:subfield code="0">(DE-627)244541124</marc:subfield>
         <marc:subfield code="0">(DE-576)213106140</marc:subfield>
         <marc:subfield code="a">Hypnose</marc:subfield>
         <marc:subfield code="g">Motiv</marc:subfield>
         <marc:subfield code="2">gnd</marc:subfield>
      </marc:datafield>
      <marc:datafield tag="650" ind1="0" ind2="7">
         <marc:subfield code="0">(DE-588)4289832-8</marc:subfield>
         <marc:subfield code="0">(DE-627)104263628</marc:subfield>
         <marc:subfield code="0">(DE-576)21083157X</marc:subfield>
         <marc:subfield code="a">Hysterie</marc:subfield>
         <marc:subfield code="g">Motiv</marc:subfield>
         <marc:subfield code="2">gnd</marc:subfield>
      </marc:datafield>
      <marc:datafield tag="650" ind1="0" ind2="7">
         <marc:subfield code="0">(DE-588)4113292-0</marc:subfield>
         <marc:subfield code="0">(DE-627)105830437</marc:subfield>
         <marc:subfield code="0">(DE-576)209475285</marc:subfield>
         <marc:subfield code="a">Deutsch</marc:subfield>
         <marc:subfield code="2">gnd</marc:subfield>
      </marc:datafield>
      <marc:datafield tag="650" ind1="0" ind2="7">
         <marc:subfield code="0">(DE-588)4035964-5</marc:subfield>
         <marc:subfield code="0">(DE-627)106245015</marc:subfield>
         <marc:subfield code="0">(DE-576)209015608</marc:subfield>
         <marc:subfield code="a">Literatur</marc:subfield>
         <marc:subfield code="2">gnd</marc:subfield>
      </marc:datafield>
      <marc:datafield tag="650" ind1="0" ind2="7">
         <marc:subfield code="0">(DE-588)4609481-7</marc:subfield>
         <marc:subfield code="0">(DE-627)326308172</marc:subfield>
         <marc:subfield code="0">(DE-576)214228274</marc:subfield>
         <marc:subfield code="a">Fremdbestimmung</marc:subfield>
         <marc:subfield code="g">Motiv</marc:subfield>
         <marc:subfield code="2">gnd</marc:subfield>
      </marc:datafield>
      <marc:datafield tag="650" ind1="0" ind2="7">
         <marc:subfield code="0">(DE-588)4187583-7</marc:subfield>
         <marc:subfield code="0">(DE-627)10527108X</marc:subfield>
         <marc:subfield code="0">(DE-576)210046740</marc:subfield>
         <marc:subfield code="a">Verbrechen</marc:subfield>
         <marc:subfield code="g">Motiv</marc:subfield>
         <marc:subfield code="2">gnd</marc:subfield>
      </marc:datafield>
      <marc:datafield tag="648" ind1=" " ind2="4">
         <marc:subfield code="a">Geschichte 1900-1930</marc:subfield>
      </marc:datafield>
      <marc:datafield tag="648" ind1=" " ind2="4">
         <marc:subfield code="a">Geschichte 1850-1930</marc:subfield>
      </marc:datafield>
      <marc:datafield tag="655" ind1=" " ind2="7">
         <marc:subfield code="a">Hochschulschrift</marc:subfield>
         <marc:subfield code="0">(DE-588)4113937-9</marc:subfield>
         <marc:subfield code="0">(DE-627)105825778</marc:subfield>
         <marc:subfield code="0">(DE-576)209480580</marc:subfield>
         <marc:subfield code="2">gnd-content</marc:subfield>
      </marc:datafield>
      <marc:datafield tag="689" ind1="0" ind2="0">
         <marc:subfield code="D">s</marc:subfield>
         <marc:subfield code="0">(DE-588)4058257-7</marc:subfield>
         <marc:subfield code="0">(DE-627)106147935</marc:subfield>
         <marc:subfield code="0">(DE-576)209125470</marc:subfield>
         <marc:subfield code="a">Stummfilm</marc:subfield>
         <marc:subfield code="2">gnd</marc:subfield>
      </marc:datafield>
      <marc:datafield tag="689" ind1="0" ind2="1">
         <marc:subfield code="D">s</marc:subfield>
         <marc:subfield code="0">(DE-588)4503203-8</marc:subfield>
         <marc:subfield code="0">(DE-627)244541124</marc:subfield>
         <marc:subfield code="0">(DE-576)213106140</marc:subfield>
         <marc:subfield code="a">Hypnose</marc:subfield>
         <marc:subfield code="g">Motiv</marc:subfield>
         <marc:subfield code="2">gnd</marc:subfield>
      </marc:datafield>
      <marc:datafield tag="689" ind1="0" ind2="2">
         <marc:subfield code="D">s</marc:subfield>
         <marc:subfield code="0">(DE-588)4187583-7</marc:subfield>
         <marc:subfield code="0">(DE-627)10527108X</marc:subfield>
         <marc:subfield code="0">(DE-576)210046740</marc:subfield>
         <marc:subfield code="a">Verbrechen</marc:subfield>
         <marc:subfield code="g">Motiv</marc:subfield>
         <marc:subfield code="2">gnd</marc:subfield>
      </marc:datafield>
      <marc:datafield tag="689" ind1="0" ind2=" ">
         <marc:subfield code="5">DE-101</marc:subfield>
      </marc:datafield>
      <marc:datafield tag="689" ind1="1" ind2="0">
         <marc:subfield code="D">s</marc:subfield>
         <marc:subfield code="0">(DE-588)4113292-0</marc:subfield>
         <marc:subfield code="0">(DE-627)105830437</marc:subfield>
         <marc:subfield code="0">(DE-576)209475285</marc:subfield>
         <marc:subfield code="a">Deutsch</marc:subfield>
         <marc:subfield code="2">gnd</marc:subfield>
      </marc:datafield>
      <marc:datafield tag="689" ind1="1" ind2="1">
         <marc:subfield code="D">s</marc:subfield>
         <marc:subfield code="0">(DE-588)4035964-5</marc:subfield>
         <marc:subfield code="0">(DE-627)106245015</marc:subfield>
         <marc:subfield code="0">(DE-576)209015608</marc:subfield>
         <marc:subfield code="a">Literatur</marc:subfield>
         <marc:subfield code="2">gnd</marc:subfield>
      </marc:datafield>
      <marc:datafield tag="689" ind1="1" ind2="2">
         <marc:subfield code="D">s</marc:subfield>
         <marc:subfield code="0">(DE-588)4503203-8</marc:subfield>
         <marc:subfield code="0">(DE-627)244541124</marc:subfield>
         <marc:subfield code="0">(DE-576)213106140</marc:subfield>
         <marc:subfield code="a">Hypnose</marc:subfield>
         <marc:subfield code="g">Motiv</marc:subfield>
         <marc:subfield code="2">gnd</marc:subfield>
      </marc:datafield>
      <marc:datafield tag="689" ind1="1" ind2="3">
         <marc:subfield code="D">s</marc:subfield>
         <marc:subfield code="0">(DE-588)4289832-8</marc:subfield>
         <marc:subfield code="0">(DE-627)104263628</marc:subfield>
         <marc:subfield code="0">(DE-576)21083157X</marc:subfield>
         <marc:subfield code="a">Hysterie</marc:subfield>
         <marc:subfield code="g">Motiv</marc:subfield>
         <marc:subfield code="2">gnd</marc:subfield>
      </marc:datafield>
      <marc:datafield tag="689" ind1="1" ind2="4">
         <marc:subfield code="A">z</marc:subfield>
         <marc:subfield code="2">gnd</marc:subfield>
         <marc:subfield code="a">Geschichte 1900-1930</marc:subfield>
      </marc:datafield>
      <marc:datafield tag="689" ind1="1" ind2=" ">
         <marc:subfield code="5">DE-101</marc:subfield>
      </marc:datafield>
      <marc:datafield tag="689" ind1="2" ind2="0">
         <marc:subfield code="D">s</marc:subfield>
         <marc:subfield code="0">(DE-588)4113292-0</marc:subfield>
         <marc:subfield code="0">(DE-627)105830437</marc:subfield>
         <marc:subfield code="0">(DE-576)209475285</marc:subfield>
         <marc:subfield code="a">Deutsch</marc:subfield>
         <marc:subfield code="2">gnd</marc:subfield>
      </marc:datafield>
      <marc:datafield tag="689" ind1="2" ind2="1">
         <marc:subfield code="D">s</marc:subfield>
         <marc:subfield code="0">(DE-588)4035964-5</marc:subfield>
         <marc:subfield code="0">(DE-627)106245015</marc:subfield>
         <marc:subfield code="0">(DE-576)209015608</marc:subfield>
         <marc:subfield code="a">Literatur</marc:subfield>
         <marc:subfield code="2">gnd</marc:subfield>
      </marc:datafield>
      <marc:datafield tag="689" ind1="2" ind2="2">
         <marc:subfield code="D">s</marc:subfield>
         <marc:subfield code="0">(DE-588)4609481-7</marc:subfield>
         <marc:subfield code="0">(DE-627)326308172</marc:subfield>
         <marc:subfield code="0">(DE-576)214228274</marc:subfield>
         <marc:subfield code="a">Fremdbestimmung</marc:subfield>
         <marc:subfield code="g">Motiv</marc:subfield>
         <marc:subfield code="2">gnd</marc:subfield>
      </marc:datafield>
      <marc:datafield tag="689" ind1="2" ind2="3">
         <marc:subfield code="D">s</marc:subfield>
         <marc:subfield code="0">(DE-588)4187583-7</marc:subfield>
         <marc:subfield code="0">(DE-627)10527108X</marc:subfield>
         <marc:subfield code="0">(DE-576)210046740</marc:subfield>
         <marc:subfield code="a">Verbrechen</marc:subfield>
         <marc:subfield code="g">Motiv</marc:subfield>
         <marc:subfield code="2">gnd</marc:subfield>
      </marc:datafield>
      <marc:datafield tag="689" ind1="2" ind2="4">
         <marc:subfield code="A">z</marc:subfield>
         <marc:subfield code="2">gnd</marc:subfield>
         <marc:subfield code="a">Geschichte 1850-1930</marc:subfield>
      </marc:datafield>
      <marc:datafield tag="689" ind1="2" ind2=" ">
         <marc:subfield code="5">DE-101</marc:subfield>
      </marc:datafield>
      <marc:datafield tag="751" ind1=" " ind2=" ">
         <marc:subfield code="a">Hamburg</marc:subfield>
         <marc:subfield code="0">(DE-588)4023118-5</marc:subfield>
         <marc:subfield code="0">(DE-627)106305433</marc:subfield>
         <marc:subfield code="0">(DE-576)20894754X</marc:subfield>
         <marc:subfield code="4">uvp</marc:subfield>
      </marc:datafield>
      <marc:datafield tag="776" ind1="0" ind2="8">
         <marc:subfield code="i">Online-Ausg.</marc:subfield>
         <marc:subfield code="a">Andriopoulos, Stefan, 1968 - </marc:subfield>
         <marc:subfield code="t">Besessene Körper</marc:subfield>
         <marc:subfield code="d">München : Fink, 2000</marc:subfield>
         <marc:subfield code="h">207 S.</marc:subfield>
         <marc:subfield code="w">(DE-627)165243643X</marc:subfield>
         <marc:subfield code="w">(DE-576)383342147</marc:subfield>
      </marc:datafield>
      <marc:datafield tag="856" ind1="4" ind2="2">
         <marc:subfield code="u">http://swbplus.bsz-bw.de/bsz085627607inh.htm</marc:subfield>
         <marc:subfield code="m">B:DE-576;DE-352</marc:subfield>
         <marc:subfield code="q">application/pdf</marc:subfield>
         <marc:subfield code="v">20110916121348</marc:subfield>
         <marc:subfield code="x">Verlag</marc:subfield>
         <marc:subfield code="3">Inhaltsverzeichnis</marc:subfield>
      </marc:datafield>
      <marc:datafield tag="935" ind1=" " ind2=" ">
         <marc:subfield code="i">Blocktest</marc:subfield>
      </marc:datafield>
      <marc:datafield tag="936" ind1="r" ind2="v">
         <marc:subfield code="a">AP 53900</marc:subfield>
         <marc:subfield code="b">Horrorfilm, Science-Fiction-Film, Utopischer Film</marc:subfield>
         <marc:subfield code="k">Allgemeines</marc:subfield>
         <marc:subfield code="k">Medien- und Kommunikationswissenschaften, Kommunikationsdesign</marc:subfield>
         <marc:subfield code="k">Film</marc:subfield>
         <marc:subfield code="k">Spielfilm</marc:subfield>
         <marc:subfield code="k">Horrorfilm, Science-Fiction-Film, Utopischer Film</marc:subfield>
         <marc:subfield code="0">(DE-627)1270690787</marc:subfield>
         <marc:subfield code="0">(DE-625)rvk/7733:</marc:subfield>
         <marc:subfield code="0">(DE-576)200690787</marc:subfield>
      </marc:datafield>
      <marc:datafield tag="936" ind1="r" ind2="v">
         <marc:subfield code="a">GE 5208</marc:subfield>
         <marc:subfield code="b">h</marc:subfield>
         <marc:subfield code="k">Germanistik. Niederlandistik. Skandinavistik</marc:subfield>
         <marc:subfield code="k">Deutsche Literatur</marc:subfield>
         <marc:subfield code="k">Literaturgeschichte</marc:subfield>
         <marc:subfield code="k">Stoff- und Motivgeschichte</marc:subfield>
         <marc:subfield code="k">Einzelne Stoffe und Motive</marc:subfield>
         <marc:subfield code="k">Sonstige (A-Z)</marc:subfield>
         <marc:subfield code="k">h</marc:subfield>
         <marc:subfield code="0">(DE-627)1272119475</marc:subfield>
         <marc:subfield code="0">(DE-625)rvk/39120:13551</marc:subfield>
         <marc:subfield code="0">(DE-576)202119475</marc:subfield>
      </marc:datafield>
      <marc:datafield tag="936" ind1="r" ind2="v">
         <marc:subfield code="a">LC 32000</marc:subfield>
         <marc:subfield code="b">Darstellung ohne geografischen Bezug</marc:subfield>
         <marc:subfield code="k">Ethnologie</marc:subfield>
         <marc:subfield code="k">Religionsethnologie</marc:subfield>
         <marc:subfield code="k">Mythologie und Kosmologie</marc:subfield>
         <marc:subfield code="k">Darstellung ohne geografischen Bezug</marc:subfield>
         <marc:subfield code="0">(DE-627)1271680076</marc:subfield>
         <marc:subfield code="0">(DE-625)rvk/90642:772</marc:subfield>
         <marc:subfield code="0">(DE-576)201680076</marc:subfield>
      </marc:datafield>
      <marc:datafield tag="936" ind1="r" ind2="v">
         <marc:subfield code="a">EC 2430</marc:subfield>
         <marc:subfield code="b">Beziehungen der Literatur zu Philosophie und Psychologie</marc:subfield>
         <marc:subfield code="k">Allgemeine und vergleichende Sprach- und Literaturwissenschaft. Indogermanistik. Außereuropäische Sprachen und Literaturen</marc:subfield>
         <marc:subfield code="k">Allgemeine und vergleichende Literaturwissenschaft.</marc:subfield>
         <marc:subfield code="k">Beziehungen der Literatur zu anderen Gebieten</marc:subfield>
         <marc:subfield code="k">Beziehungen der Literatur zu Philosophie und Psychologie</marc:subfield>
         <marc:subfield code="0">(DE-627)1270749196</marc:subfield>
         <marc:subfield code="0">(DE-625)rvk/20487:</marc:subfield>
         <marc:subfield code="0">(DE-576)200749196</marc:subfield>
      </marc:datafield>
      <marc:datafield tag="936" ind1="r" ind2="v">
         <marc:subfield code="a">EC 5410</marc:subfield>
         <marc:subfield code="b">Einzelne Stoffe und Motive</marc:subfield>
         <marc:subfield code="k">Allgemeine und vergleichende Sprach- und Literaturwissenschaft. Indogermanistik. Außereuropäische Sprachen und Literaturen</marc:subfield>
         <marc:subfield code="k">Allgemeine und vergleichende Literaturwissenschaft.</marc:subfield>
         <marc:subfield code="k">Literaturgeschichte</marc:subfield>
         <marc:subfield code="k">Stoff- und Motivgeschichte</marc:subfield>
         <marc:subfield code="k">Einzelne Stoffe und Motive</marc:subfield>
         <marc:subfield code="0">(DE-627)1270710796</marc:subfield>
         <marc:subfield code="0">(DE-625)rvk/20606:</marc:subfield>
         <marc:subfield code="0">(DE-576)200710796</marc:subfield>
      </marc:datafield>
      <marc:datafield tag="936" ind1="b" ind2="k">
         <marc:subfield code="a">17.93</marc:subfield>
         <marc:subfield code="j">Literarische Stoffe</marc:subfield>
         <marc:subfield code="j">literarische Motive</marc:subfield>
         <marc:subfield code="j">literarische Themen</marc:subfield>
         <marc:subfield code="0">(DE-627)106404490</marc:subfield>
      </marc:datafield>
      <marc:datafield tag="936" ind1="b" ind2="k">
         <marc:subfield code="a">18.10</marc:subfield>
         <marc:subfield code="j">Deutsche Literatur</marc:subfield>
         <marc:subfield code="0">(DE-627)106405047</marc:subfield>
      </marc:datafield>
      <marc:datafield tag="936" ind1="b" ind2="k">
         <marc:subfield code="a">24.32</marc:subfield>
         <marc:subfield code="j">Filmgeschichte</marc:subfield>
         <marc:subfield code="0">(DE-627)106405934</marc:subfield>
      </marc:datafield>
      <marc:datafield tag="951" ind1=" " ind2=" ">
         <marc:subfield code="a">BO</marc:subfield>
      </marc:datafield>
   </marc:record>