
   <marc:record>
      <marc:leader>     cam a22        4500</marc:leader>
      <marc:controlfield tag="001">088382885</marc:controlfield>
      <marc:controlfield tag="003">DE-576</marc:controlfield>
      <marc:controlfield tag="005">20201126115746.0</marc:controlfield>
      <marc:controlfield tag="007">tu</marc:controlfield>
      <marc:controlfield tag="008">000413s2000    gw |||||      00| ||ger c</marc:controlfield>
      <marc:datafield tag="015" ind1=" " ind2=" ">
         <marc:subfield code="a">01,A04,0691</marc:subfield>
         <marc:subfield code="2">dnb</marc:subfield>
      </marc:datafield>
      <marc:datafield tag="016" ind1="7" ind2=" ">
         <marc:subfield code="a">960249702</marc:subfield>
         <marc:subfield code="2">DE-101</marc:subfield>
      </marc:datafield>
      <marc:datafield tag="020" ind1=" " ind2=" ">
         <marc:subfield code="a">3518121677</marc:subfield>
         <marc:subfield code="9">3-518-12167-7</marc:subfield>
      </marc:datafield>
      <marc:datafield tag="024" ind1="3" ind2=" ">
         <marc:subfield code="a">9783518121672</marc:subfield>
      </marc:datafield>
      <marc:datafield tag="035" ind1=" " ind2=" ">
         <marc:subfield code="a">(DE-627)312063245</marc:subfield>
      </marc:datafield>
      <marc:datafield tag="035" ind1=" " ind2=" ">
         <marc:subfield code="a">(DE-576)088382885</marc:subfield>
      </marc:datafield>
      <marc:datafield tag="035" ind1=" " ind2=" ">
         <marc:subfield code="a">(DE-599)GBV312063245</marc:subfield>
      </marc:datafield>
      <marc:datafield tag="035" ind1=" " ind2=" ">
         <marc:subfield code="a">(OCoLC)237386613</marc:subfield>
      </marc:datafield>
      <marc:datafield tag="035" ind1=" " ind2=" ">
         <marc:subfield code="a">(OCoLC)49795001</marc:subfield>
      </marc:datafield>
      <marc:datafield tag="040" ind1=" " ind2=" ">
         <marc:subfield code="a">DE-576</marc:subfield>
         <marc:subfield code="b">ger</marc:subfield>
         <marc:subfield code="c">DE-576</marc:subfield>
         <marc:subfield code="e">rakwb</marc:subfield>
      </marc:datafield>
      <marc:datafield tag="041" ind1=" " ind2=" ">
         <marc:subfield code="a">ger</marc:subfield>
      </marc:datafield>
      <marc:datafield tag="044" ind1=" " ind2=" ">
         <marc:subfield code="c">XA-DE</marc:subfield>
      </marc:datafield>
      <marc:datafield tag="050" ind1=" " ind2="0">
         <marc:subfield code="a">HD5701.5</marc:subfield>
      </marc:datafield>
      <marc:datafield tag="084" ind1=" " ind2=" ">
         <marc:subfield code="a">MS 6500</marc:subfield>
         <marc:subfield code="q">OBV</marc:subfield>
         <marc:subfield code="2">rvk</marc:subfield>
         <marc:subfield code="0">(DE-625)rvk/123757:</marc:subfield>
      </marc:datafield>
      <marc:datafield tag="084" ind1=" " ind2=" ">
         <marc:subfield code="a">QV 200</marc:subfield>
         <marc:subfield code="2">rvk</marc:subfield>
         <marc:subfield code="0">(DE-625)rvk/142138:</marc:subfield>
      </marc:datafield>
      <marc:datafield tag="084" ind1=" " ind2=" ">
         <marc:subfield code="a">83.14</marc:subfield>
         <marc:subfield code="2">bkl</marc:subfield>
      </marc:datafield>
      <marc:datafield tag="084" ind1=" " ind2=" ">
         <marc:subfield code="a">71.80</marc:subfield>
         <marc:subfield code="2">bkl</marc:subfield>
      </marc:datafield>
      <marc:datafield tag="100" ind1="1" ind2=" ">
         <marc:subfield code="a">Vobruba, Georg</marc:subfield>
         <marc:subfield code="d">1948-</marc:subfield>
         <marc:subfield code="0">(DE-588)115625992</marc:subfield>
         <marc:subfield code="0">(DE-627)077370996</marc:subfield>
         <marc:subfield code="0">(DE-576)163427445</marc:subfield>
         <marc:subfield code="4">aut</marc:subfield>
      </marc:datafield>
      <marc:datafield tag="245" ind1="1" ind2="0">
         <marc:subfield code="a">Alternativen zur Vollbeschäftigung</marc:subfield>
         <marc:subfield code="b">die Transformation von Arbeit und Einkommen</marc:subfield>
         <marc:subfield code="c">Georg Vobruba</marc:subfield>
      </marc:datafield>
      <marc:datafield tag="250" ind1=" " ind2=" ">
         <marc:subfield code="a">Orig.-Ausg., Erstausg., 1. Aufl</marc:subfield>
      </marc:datafield>
      <marc:datafield tag="264" ind1=" " ind2="1">
         <marc:subfield code="a">Frankfurt am Main</marc:subfield>
         <marc:subfield code="b">Suhrkamp</marc:subfield>
         <marc:subfield code="c">2000</marc:subfield>
      </marc:datafield>
      <marc:datafield tag="300" ind1=" " ind2=" ">
         <marc:subfield code="a">152 S</marc:subfield>
         <marc:subfield code="c">18 cm</marc:subfield>
      </marc:datafield>
      <marc:datafield tag="336" ind1=" " ind2=" ">
         <marc:subfield code="a">Text</marc:subfield>
         <marc:subfield code="b">txt</marc:subfield>
         <marc:subfield code="2">rdacontent</marc:subfield>
      </marc:datafield>
      <marc:datafield tag="337" ind1=" " ind2=" ">
         <marc:subfield code="a">ohne Hilfsmittel zu benutzen</marc:subfield>
         <marc:subfield code="b">n</marc:subfield>
         <marc:subfield code="2">rdamedia</marc:subfield>
      </marc:datafield>
      <marc:datafield tag="338" ind1=" " ind2=" ">
         <marc:subfield code="a">Band</marc:subfield>
         <marc:subfield code="b">nc</marc:subfield>
         <marc:subfield code="2">rdacarrier</marc:subfield>
      </marc:datafield>
      <marc:datafield tag="490" ind1="0" ind2=" ">
         <marc:subfield code="a">Edition Suhrkamp</marc:subfield>
         <marc:subfield code="v">2167</marc:subfield>
         <marc:subfield code="a">Standpunkte</marc:subfield>
      </marc:datafield>
      <marc:datafield tag="501" ind1=" " ind2=" ">
         <marc:subfield code="a">Literaturverz. S. 143 - [153]</marc:subfield>
      </marc:datafield>
      <marc:datafield tag="591" ind1=" " ind2=" ">
         <marc:subfield code="a">5090: L1UB/sred ; IMD-Felder und 1131 maschinell ergänzt (SWB)</marc:subfield>
      </marc:datafield>
      <marc:datafield tag="650" ind1=" " ind2="7">
         <marc:subfield code="8">1.1\x</marc:subfield>
         <marc:subfield code="a">Arbeitswelt</marc:subfield>
         <marc:subfield code="0">(DE-627)091347866</marc:subfield>
         <marc:subfield code="0">(DE-STW)11309-1</marc:subfield>
         <marc:subfield code="2">stw</marc:subfield>
      </marc:datafield>
      <marc:datafield tag="650" ind1=" " ind2="7">
         <marc:subfield code="8">1.2\x</marc:subfield>
         <marc:subfield code="a">Vollbeschäftigung</marc:subfield>
         <marc:subfield code="0">(DE-627)091398908</marc:subfield>
         <marc:subfield code="0">(DE-STW)10406-1</marc:subfield>
         <marc:subfield code="2">stw</marc:subfield>
      </marc:datafield>
      <marc:datafield tag="650" ind1=" " ind2="7">
         <marc:subfield code="8">1.3\x</marc:subfield>
         <marc:subfield code="a">Sozialer Wandel</marc:subfield>
         <marc:subfield code="0">(DE-627)091390125</marc:subfield>
         <marc:subfield code="0">(DE-STW)15720-5</marc:subfield>
         <marc:subfield code="2">stw</marc:subfield>
      </marc:datafield>
      <marc:datafield tag="650" ind1=" " ind2="7">
         <marc:subfield code="8">1.4\x</marc:subfield>
         <marc:subfield code="a">Arbeitslosigkeit</marc:subfield>
         <marc:subfield code="0">(DE-627)091347564</marc:subfield>
         <marc:subfield code="0">(DE-STW)11182-6</marc:subfield>
         <marc:subfield code="2">stw</marc:subfield>
      </marc:datafield>
      <marc:datafield tag="650" ind1=" " ind2="7">
         <marc:subfield code="8">1.5\x</marc:subfield>
         <marc:subfield code="a">Sozialpakt</marc:subfield>
         <marc:subfield code="0">(DE-627)091390419</marc:subfield>
         <marc:subfield code="0">(DE-STW)10401-4</marc:subfield>
         <marc:subfield code="2">stw</marc:subfield>
      </marc:datafield>
      <marc:datafield tag="650" ind1=" " ind2="7">
         <marc:subfield code="8">1.6\x</marc:subfield>
         <marc:subfield code="a">Erwerbstätigkeit</marc:subfield>
         <marc:subfield code="0">(DE-627)091358078</marc:subfield>
         <marc:subfield code="0">(DE-STW)11272-5</marc:subfield>
         <marc:subfield code="2">stw</marc:subfield>
      </marc:datafield>
      <marc:datafield tag="650" ind1=" " ind2="7">
         <marc:subfield code="8">1.7\x</marc:subfield>
         <marc:subfield code="a">Kritik</marc:subfield>
         <marc:subfield code="0">(DE-627)091373050</marc:subfield>
         <marc:subfield code="0">(DE-STW)19041-5</marc:subfield>
         <marc:subfield code="2">stw</marc:subfield>
      </marc:datafield>
      <marc:datafield tag="650" ind1=" " ind2="7">
         <marc:subfield code="8">1.8\x</marc:subfield>
         <marc:subfield code="a">Deutschland</marc:subfield>
         <marc:subfield code="0">(DE-627)091354749</marc:subfield>
         <marc:subfield code="0">(DE-STW)18012-3</marc:subfield>
         <marc:subfield code="2">stw</marc:subfield>
      </marc:datafield>
      <marc:datafield tag="650" ind1=" " ind2="7">
         <marc:subfield code="8">1.9\x</marc:subfield>
         <marc:subfield code="a">Beschäftigungssystem</marc:subfield>
         <marc:subfield code="0">(DE-627)091347823</marc:subfield>
         <marc:subfield code="0">(DE-STW)19902-0</marc:subfield>
         <marc:subfield code="2">stw</marc:subfield>
      </marc:datafield>
      <marc:datafield tag="650" ind1="0" ind2="7">
         <marc:subfield code="0">(DE-588)4063898-4</marc:subfield>
         <marc:subfield code="0">(DE-627)106125958</marc:subfield>
         <marc:subfield code="0">(DE-576)209150955</marc:subfield>
         <marc:subfield code="a">Vollbeschäftigung</marc:subfield>
         <marc:subfield code="2">gnd</marc:subfield>
      </marc:datafield>
      <marc:datafield tag="650" ind1="0" ind2="7">
         <marc:subfield code="0">(DE-588)4138905-0</marc:subfield>
         <marc:subfield code="0">(DE-627)105639214</marc:subfield>
         <marc:subfield code="0">(DE-576)209689943</marc:subfield>
         <marc:subfield code="a">Alternative</marc:subfield>
         <marc:subfield code="2">gnd</marc:subfield>
      </marc:datafield>
      <marc:datafield tag="650" ind1="0" ind2="7">
         <marc:subfield code="0">(DE-588)4013887-2</marc:subfield>
         <marc:subfield code="0">(DE-627)104467193</marc:subfield>
         <marc:subfield code="0">(DE-576)208905898</marc:subfield>
         <marc:subfield code="a">Einkommen</marc:subfield>
         <marc:subfield code="2">gnd</marc:subfield>
      </marc:datafield>
      <marc:datafield tag="650" ind1="0" ind2="7">
         <marc:subfield code="0">(DE-588)4483640-5</marc:subfield>
         <marc:subfield code="0">(DE-627)239121252</marc:subfield>
         <marc:subfield code="0">(DE-576)212906291</marc:subfield>
         <marc:subfield code="a">Mischform</marc:subfield>
         <marc:subfield code="2">gnd</marc:subfield>
      </marc:datafield>
      <marc:datafield tag="650" ind1="0" ind2="7">
         <marc:subfield code="0">(DE-588)4212285-5</marc:subfield>
         <marc:subfield code="0">(DE-627)10508199X</marc:subfield>
         <marc:subfield code="0">(DE-576)210208570</marc:subfield>
         <marc:subfield code="a">Beschäftigungssystem</marc:subfield>
         <marc:subfield code="2">gnd</marc:subfield>
      </marc:datafield>
      <marc:datafield tag="650" ind1="0" ind2="7">
         <marc:subfield code="0">(DE-588)4058136-6</marc:subfield>
         <marc:subfield code="0">(DE-627)104814284</marc:subfield>
         <marc:subfield code="0">(DE-576)209125047</marc:subfield>
         <marc:subfield code="a">Strukturwandel</marc:subfield>
         <marc:subfield code="2">gnd</marc:subfield>
      </marc:datafield>
      <marc:datafield tag="650" ind1=" " ind2="4">
         <marc:subfield code="a">Full employment policies</marc:subfield>
         <marc:subfield code="x">Germany</marc:subfield>
      </marc:datafield>
      <marc:datafield tag="650" ind1=" " ind2="4">
         <marc:subfield code="a">Labor</marc:subfield>
         <marc:subfield code="x">Germany</marc:subfield>
      </marc:datafield>
      <marc:datafield tag="650" ind1=" " ind2="4">
         <marc:subfield code="a">Strukturwandel</marc:subfield>
      </marc:datafield>
      <marc:datafield tag="650" ind1=" " ind2="4">
         <marc:subfield code="a">Arbeitsmarktpolitik</marc:subfield>
      </marc:datafield>
      <marc:datafield tag="650" ind1=" " ind2="4">
         <marc:subfield code="a">Einkommen</marc:subfield>
      </marc:datafield>
      <marc:datafield tag="650" ind1=" " ind2="4">
         <marc:subfield code="a">Sozialstaat</marc:subfield>
      </marc:datafield>
      <marc:datafield tag="689" ind1="0" ind2="0">
         <marc:subfield code="D">s</marc:subfield>
         <marc:subfield code="0">(DE-588)4063898-4</marc:subfield>
         <marc:subfield code="0">(DE-627)106125958</marc:subfield>
         <marc:subfield code="0">(DE-576)209150955</marc:subfield>
         <marc:subfield code="a">Vollbeschäftigung</marc:subfield>
         <marc:subfield code="2">gnd</marc:subfield>
      </marc:datafield>
      <marc:datafield tag="689" ind1="0" ind2="1">
         <marc:subfield code="D">s</marc:subfield>
         <marc:subfield code="0">(DE-588)4138905-0</marc:subfield>
         <marc:subfield code="0">(DE-627)105639214</marc:subfield>
         <marc:subfield code="0">(DE-576)209689943</marc:subfield>
         <marc:subfield code="a">Alternative</marc:subfield>
         <marc:subfield code="2">gnd</marc:subfield>
      </marc:datafield>
      <marc:datafield tag="689" ind1="0" ind2="2">
         <marc:subfield code="D">s</marc:subfield>
         <marc:subfield code="0">(DE-588)4013887-2</marc:subfield>
         <marc:subfield code="0">(DE-627)104467193</marc:subfield>
         <marc:subfield code="0">(DE-576)208905898</marc:subfield>
         <marc:subfield code="a">Einkommen</marc:subfield>
         <marc:subfield code="2">gnd</marc:subfield>
      </marc:datafield>
      <marc:datafield tag="689" ind1="0" ind2="3">
         <marc:subfield code="D">s</marc:subfield>
         <marc:subfield code="0">(DE-588)4483640-5</marc:subfield>
         <marc:subfield code="0">(DE-627)239121252</marc:subfield>
         <marc:subfield code="0">(DE-576)212906291</marc:subfield>
         <marc:subfield code="a">Mischform</marc:subfield>
         <marc:subfield code="2">gnd</marc:subfield>
      </marc:datafield>
      <marc:datafield tag="689" ind1="0" ind2="4">
         <marc:subfield code="D">s</marc:subfield>
         <marc:subfield code="0">(DE-588)4212285-5</marc:subfield>
         <marc:subfield code="0">(DE-627)10508199X</marc:subfield>
         <marc:subfield code="0">(DE-576)210208570</marc:subfield>
         <marc:subfield code="a">Beschäftigungssystem</marc:subfield>
         <marc:subfield code="2">gnd</marc:subfield>
      </marc:datafield>
      <marc:datafield tag="689" ind1="0" ind2="5">
         <marc:subfield code="D">s</marc:subfield>
         <marc:subfield code="0">(DE-588)4058136-6</marc:subfield>
         <marc:subfield code="0">(DE-627)104814284</marc:subfield>
         <marc:subfield code="0">(DE-576)209125047</marc:subfield>
         <marc:subfield code="a">Strukturwandel</marc:subfield>
         <marc:subfield code="2">gnd</marc:subfield>
      </marc:datafield>
      <marc:datafield tag="689" ind1="0" ind2=" ">
         <marc:subfield code="5">DE-101</marc:subfield>
      </marc:datafield>
      <marc:datafield tag="689" ind1="1" ind2="0">
         <marc:subfield code="D">s</marc:subfield>
         <marc:subfield code="0">(DE-588)4063898-4</marc:subfield>
         <marc:subfield code="0">(DE-627)106125958</marc:subfield>
         <marc:subfield code="0">(DE-576)209150955</marc:subfield>
         <marc:subfield code="a">Vollbeschäftigung</marc:subfield>
         <marc:subfield code="2">gnd</marc:subfield>
      </marc:datafield>
      <marc:datafield tag="689" ind1="1" ind2="1">
         <marc:subfield code="D">s</marc:subfield>
         <marc:subfield code="0">(DE-588)4567443-7</marc:subfield>
         <marc:subfield code="0">(DE-627)306098601</marc:subfield>
         <marc:subfield code="0">(DE-576)213788993</marc:subfield>
         <marc:subfield code="a">Bündnis für Arbeit</marc:subfield>
         <marc:subfield code="2">gnd</marc:subfield>
      </marc:datafield>
      <marc:datafield tag="689" ind1="1" ind2="2">
         <marc:subfield code="D">s</marc:subfield>
         <marc:subfield code="0">(DE-588)4002567-6</marc:subfield>
         <marc:subfield code="0">(DE-627)104637412</marc:subfield>
         <marc:subfield code="0">(DE-576)208847731</marc:subfield>
         <marc:subfield code="a">Arbeit</marc:subfield>
         <marc:subfield code="2">gnd</marc:subfield>
      </marc:datafield>
      <marc:datafield tag="689" ind1="1" ind2="3">
         <marc:subfield code="D">s</marc:subfield>
         <marc:subfield code="0">(DE-588)4013887-2</marc:subfield>
         <marc:subfield code="0">(DE-627)104467193</marc:subfield>
         <marc:subfield code="0">(DE-576)208905898</marc:subfield>
         <marc:subfield code="a">Einkommen</marc:subfield>
         <marc:subfield code="2">gnd</marc:subfield>
      </marc:datafield>
      <marc:datafield tag="689" ind1="1" ind2="4">
         <marc:subfield code="D">s</marc:subfield>
         <marc:subfield code="0">(DE-588)4068097-6</marc:subfield>
         <marc:subfield code="0">(DE-627)106106481</marc:subfield>
         <marc:subfield code="0">(DE-576)209172746</marc:subfield>
         <marc:subfield code="a">Zukunft</marc:subfield>
         <marc:subfield code="2">gnd</marc:subfield>
      </marc:datafield>
      <marc:datafield tag="689" ind1="1" ind2=" ">
         <marc:subfield code="5">(DE-627)</marc:subfield>
      </marc:datafield>
      <marc:datafield tag="776" ind1="0" ind2="8">
         <marc:subfield code="i">Online-Ausg.</marc:subfield>
         <marc:subfield code="a">Vobruba, Georg, 1948 - </marc:subfield>
         <marc:subfield code="t">Alternativen zur Vollbeschäftigung</marc:subfield>
         <marc:subfield code="b">2. Auflage</marc:subfield>
         <marc:subfield code="d">Frankfurt am Main : Suhrkamp, 2015</marc:subfield>
         <marc:subfield code="h">1 Online-Ressource (152 Seiten)</marc:subfield>
         <marc:subfield code="w">(DE-627)1658528271</marc:subfield>
         <marc:subfield code="w">(DE-576)496734687</marc:subfield>
         <marc:subfield code="z">9783518755549</marc:subfield>
      </marc:datafield>
      <marc:datafield tag="856" ind1="4" ind2="2">
         <marc:subfield code="u">http://www.gbv.de/dms/mpib-toc/312063245.pdf</marc:subfield>
         <marc:subfield code="m">V:DE-601</marc:subfield>
         <marc:subfield code="m">B:B-1532</marc:subfield>
         <marc:subfield code="q">pdf/application</marc:subfield>
         <marc:subfield code="v">2014-05-29</marc:subfield>
         <marc:subfield code="x">Verlag</marc:subfield>
         <marc:subfield code="y">Inhaltsverzeichnis</marc:subfield>
         <marc:subfield code="3">Inhaltsverzeichnis</marc:subfield>
      </marc:datafield>
      <marc:datafield tag="889" ind1=" " ind2=" ">
         <marc:subfield code="w">(DE-627)079195067</marc:subfield>
      </marc:datafield>
      <marc:datafield tag="935" ind1=" " ind2=" ">
         <marc:subfield code="i">Blocktest</marc:subfield>
      </marc:datafield>
      <marc:datafield tag="936" ind1="r" ind2="v">
         <marc:subfield code="a">MS 6500</marc:subfield>
         <marc:subfield code="b">Sozialpolitik, Sozialstaat</marc:subfield>
         <marc:subfield code="k">Soziologie</marc:subfield>
         <marc:subfield code="k">Spezielle Soziologien</marc:subfield>
         <marc:subfield code="k">Sozialpolitik, Sozialstaat</marc:subfield>
         <marc:subfield code="0">(DE-627)1271068826</marc:subfield>
         <marc:subfield code="0">(DE-625)rvk/123757:</marc:subfield>
         <marc:subfield code="0">(DE-576)201068826</marc:subfield>
      </marc:datafield>
      <marc:datafield tag="936" ind1="r" ind2="v">
         <marc:subfield code="a">QV 200</marc:subfield>
         <marc:subfield code="b">Allgemeines</marc:subfield>
         <marc:subfield code="k">Wirtschaftswissenschaften</marc:subfield>
         <marc:subfield code="k">Arbeitnehmerfragen (Labor Economics)</marc:subfield>
         <marc:subfield code="k">Arbeitsangebot. Arbeitsmarkt</marc:subfield>
         <marc:subfield code="k">Allgemeines</marc:subfield>
         <marc:subfield code="0">(DE-627)1270742361</marc:subfield>
         <marc:subfield code="0">(DE-625)rvk/142138:</marc:subfield>
         <marc:subfield code="0">(DE-576)200742361</marc:subfield>
      </marc:datafield>
      <marc:datafield tag="936" ind1="b" ind2="k">
         <marc:subfield code="a">83.14</marc:subfield>
         <marc:subfield code="j">Einkommen</marc:subfield>
         <marc:subfield code="j">Beschäftigung</marc:subfield>
         <marc:subfield code="j">Arbeitsmarkt</marc:subfield>
         <marc:subfield code="0">(DE-627)106416340</marc:subfield>
      </marc:datafield>
      <marc:datafield tag="936" ind1="b" ind2="k">
         <marc:subfield code="a">71.80</marc:subfield>
         <marc:subfield code="j">Sozialpolitik: Allgemeines</marc:subfield>
         <marc:subfield code="0">(DE-627)106418378</marc:subfield>
      </marc:datafield>
      <marc:datafield tag="951" ind1=" " ind2=" ">
         <marc:subfield code="a">BO</marc:subfield>
      </marc:datafield>
   </marc:record>