
   <marc:record>
      <marc:leader>     cam a22        4500</marc:leader>
      <marc:controlfield tag="001">9303914724</marc:controlfield>
      <marc:controlfield tag="003">DE-576</marc:controlfield>
      <marc:controlfield tag="005">20200804105757.0</marc:controlfield>
      <marc:controlfield tag="007">tu</marc:controlfield>
      <marc:controlfield tag="008">991025s1930    xx |||||      00| ||fre c</marc:controlfield>
      <marc:datafield tag="035" ind1=" " ind2=" ">
         <marc:subfield code="a">(DE-627)303914726</marc:subfield>
      </marc:datafield>
      <marc:datafield tag="035" ind1=" " ind2=" ">
         <marc:subfield code="a">(DE-576)9303914724</marc:subfield>
      </marc:datafield>
      <marc:datafield tag="035" ind1=" " ind2=" ">
         <marc:subfield code="a">(DE-599)GBV303914726</marc:subfield>
      </marc:datafield>
      <marc:datafield tag="035" ind1=" " ind2=" ">
         <marc:subfield code="a">(OCoLC)247048968</marc:subfield>
      </marc:datafield>
      <marc:datafield tag="040" ind1=" " ind2=" ">
         <marc:subfield code="a">DE-576</marc:subfield>
         <marc:subfield code="b">ger</marc:subfield>
         <marc:subfield code="c">DE-576</marc:subfield>
         <marc:subfield code="e">rda</marc:subfield>
      </marc:datafield>
      <marc:datafield tag="041" ind1=" " ind2=" ">
         <marc:subfield code="a">fre</marc:subfield>
      </marc:datafield>
      <marc:datafield tag="044" ind1=" " ind2=" ">
         <marc:subfield code="c">XA-DXDE</marc:subfield>
      </marc:datafield>
      <marc:datafield tag="084" ind1=" " ind2=" ">
         <marc:subfield code="a">GM 7651</marc:subfield>
         <marc:subfield code="2">rvk</marc:subfield>
         <marc:subfield code="0">(DE-625)rvk/42411:</marc:subfield>
      </marc:datafield>
      <marc:datafield tag="100" ind1="1" ind2=" ">
         <marc:subfield code="a">Talhoff, Albert</marc:subfield>
         <marc:subfield code="d">1888-1956</marc:subfield>
         <marc:subfield code="e">VerfasserIn</marc:subfield>
         <marc:subfield code="0">(DE-588)11931634X</marc:subfield>
         <marc:subfield code="0">(DE-627)080124801</marc:subfield>
         <marc:subfield code="0">(DE-576)212079905</marc:subfield>
         <marc:subfield code="4">aut</marc:subfield>
      </marc:datafield>
      <marc:datafield tag="245" ind1="1" ind2="4">
         <marc:subfield code="a">Les morts en route (totenmal)</marc:subfield>
         <marc:subfield code="b">vision dramatique et musicale, realisée par la parole, la danse et l'éclairage</marc:subfield>
         <marc:subfield code="c">Albert Talhoff ; traduit de l'Allemand par G. de Tonnac-Villeneuve</marc:subfield>
      </marc:datafield>
      <marc:datafield tag="264" ind1=" " ind2="1">
         <marc:subfield code="a">Stuttgart</marc:subfield>
         <marc:subfield code="b">Deutsche Verlags-Anstalt</marc:subfield>
         <marc:subfield code="c">1930</marc:subfield>
      </marc:datafield>
      <marc:datafield tag="300" ind1=" " ind2=" ">
         <marc:subfield code="a">81 Seiten</marc:subfield>
      </marc:datafield>
      <marc:datafield tag="336" ind1=" " ind2=" ">
         <marc:subfield code="a">Text</marc:subfield>
         <marc:subfield code="b">txt</marc:subfield>
         <marc:subfield code="2">rdacontent</marc:subfield>
      </marc:datafield>
      <marc:datafield tag="337" ind1=" " ind2=" ">
         <marc:subfield code="a">ohne Hilfsmittel zu benutzen</marc:subfield>
         <marc:subfield code="b">n</marc:subfield>
         <marc:subfield code="2">rdamedia</marc:subfield>
      </marc:datafield>
      <marc:datafield tag="338" ind1=" " ind2=" ">
         <marc:subfield code="a">Band</marc:subfield>
         <marc:subfield code="b">nc</marc:subfield>
         <marc:subfield code="2">rdacarrier</marc:subfield>
      </marc:datafield>
      <marc:datafield tag="583" ind1="1" ind2=" ">
         <marc:subfield code="a">Massenentsäuert</marc:subfield>
         <marc:subfield code="z">Hamburg 18/230; Entsäuert 2010</marc:subfield>
         <marc:subfield code="2">pdager</marc:subfield>
      </marc:datafield>
      <marc:datafield tag="700" ind1="1" ind2=" ">
         <marc:subfield code="a">Tonnac-Villeneuve, G. de</marc:subfield>
         <marc:subfield code="e">ÜbersetzerIn</marc:subfield>
         <marc:subfield code="0">(DE-627)124724654X</marc:subfield>
         <marc:subfield code="0">(DE-576)177246545</marc:subfield>
         <marc:subfield code="4">trl</marc:subfield>
      </marc:datafield>
      <marc:datafield tag="850" ind1=" " ind2=" ">
         <marc:subfield code="a">ba</marc:subfield>
      </marc:datafield>
      <marc:datafield tag="936" ind1="r" ind2="v">
         <marc:subfield code="a">GM 7651</marc:subfield>
         <marc:subfield code="b">Sonstige</marc:subfield>
         <marc:subfield code="k">Germanistik. Niederlandistik. Skandinavistik</marc:subfield>
         <marc:subfield code="k">Deutsche Literatur</marc:subfield>
         <marc:subfield code="k">Das 20. Jahrhundert und Moderne I</marc:subfield>
         <marc:subfield code="k">Das 20. Jahrhundert und Moderne I. 1885 - 1945</marc:subfield>
         <marc:subfield code="k">Literaturgeschichte</marc:subfield>
         <marc:subfield code="k">Einzelne Autoren</marc:subfield>
         <marc:subfield code="k">Sonstige</marc:subfield>
         <marc:subfield code="0">(DE-627)1270637622</marc:subfield>
         <marc:subfield code="0">(DE-625)rvk/42411:</marc:subfield>
         <marc:subfield code="0">(DE-576)200637622</marc:subfield>
      </marc:datafield>
      <marc:datafield tag="951" ind1=" " ind2=" ">
         <marc:subfield code="a">BO</marc:subfield>
      </marc:datafield>
   </marc:record>