
   <marc:record>
      <marc:leader>     cam a22        4500</marc:leader>
      <marc:controlfield tag="001">269865543</marc:controlfield>
      <marc:controlfield tag="003">DE-576</marc:controlfield>
      <marc:controlfield tag="005">20210209081020.0</marc:controlfield>
      <marc:controlfield tag="007">tu</marc:controlfield>
      <marc:controlfield tag="008">990101s1997    xx ||||| e    00| ||eng c</marc:controlfield>
      <marc:datafield tag="020" ind1=" " ind2=" ">
         <marc:subfield code="a">0871272067</marc:subfield>
         <marc:subfield code="9">0-87127-206-7</marc:subfield>
      </marc:datafield>
      <marc:datafield tag="035" ind1=" " ind2=" ">
         <marc:subfield code="a">(DE-627)280063474</marc:subfield>
      </marc:datafield>
      <marc:datafield tag="035" ind1=" " ind2=" ">
         <marc:subfield code="a">(DE-576)269865543</marc:subfield>
      </marc:datafield>
      <marc:datafield tag="035" ind1=" " ind2=" ">
         <marc:subfield code="a">(DE-599)GBV280063474</marc:subfield>
      </marc:datafield>
      <marc:datafield tag="035" ind1=" " ind2=" ">
         <marc:subfield code="a">(OCoLC)246968899</marc:subfield>
      </marc:datafield>
      <marc:datafield tag="035" ind1=" " ind2=" ">
         <marc:subfield code="a">(OCoLC)985556706</marc:subfield>
      </marc:datafield>
      <marc:datafield tag="040" ind1=" " ind2=" ">
         <marc:subfield code="a">DE-576</marc:subfield>
         <marc:subfield code="b">ger</marc:subfield>
         <marc:subfield code="c">DE-576</marc:subfield>
         <marc:subfield code="e">rakwb</marc:subfield>
      </marc:datafield>
      <marc:datafield tag="041" ind1=" " ind2=" ">
         <marc:subfield code="a">eng</marc:subfield>
      </marc:datafield>
      <marc:datafield tag="082" ind1="0" ind2=" ">
         <marc:subfield code="a">793.303</marc:subfield>
         <marc:subfield code="q">OCLC</marc:subfield>
      </marc:datafield>
      <marc:datafield tag="084" ind1=" " ind2=" ">
         <marc:subfield code="a">AP 82200</marc:subfield>
         <marc:subfield code="2">rvk</marc:subfield>
         <marc:subfield code="0">(DE-625)rvk/8003:</marc:subfield>
      </marc:datafield>
      <marc:datafield tag="084" ind1=" " ind2=" ">
         <marc:subfield code="a">24.15</marc:subfield>
         <marc:subfield code="2">bkl</marc:subfield>
      </marc:datafield>
      <marc:datafield tag="084" ind1=" " ind2=" ">
         <marc:subfield code="a">76.04</marc:subfield>
         <marc:subfield code="2">bkl</marc:subfield>
      </marc:datafield>
      <marc:datafield tag="084" ind1=" " ind2=" ">
         <marc:subfield code="a">80.46</marc:subfield>
         <marc:subfield code="2">bkl</marc:subfield>
      </marc:datafield>
      <marc:datafield tag="100" ind1="1" ind2=" ">
         <marc:subfield code="a">Love, Paul</marc:subfield>
         <marc:subfield code="0">(DE-588)1143981545</marc:subfield>
         <marc:subfield code="0">(DE-627)1003542689</marc:subfield>
         <marc:subfield code="0">(DE-576)495230324</marc:subfield>
         <marc:subfield code="4">aut</marc:subfield>
      </marc:datafield>
      <marc:datafield tag="245" ind1="1" ind2="0">
         <marc:subfield code="a">Modern dance terminology</marc:subfield>
         <marc:subfield code="c">Paul Love</marc:subfield>
      </marc:datafield>
      <marc:datafield tag="250" ind1=" " ind2=" ">
         <marc:subfield code="a">Republ. [of the ed.] New York, Kamin Dance Publ., 1953</marc:subfield>
      </marc:datafield>
      <marc:datafield tag="264" ind1=" " ind2="1">
         <marc:subfield code="a">Princeton</marc:subfield>
         <marc:subfield code="b">Princeton Book Company</marc:subfield>
         <marc:subfield code="c">1997</marc:subfield>
      </marc:datafield>
      <marc:datafield tag="300" ind1=" " ind2=" ">
         <marc:subfield code="a">96 S</marc:subfield>
      </marc:datafield>
      <marc:datafield tag="336" ind1=" " ind2=" ">
         <marc:subfield code="a">Text</marc:subfield>
         <marc:subfield code="b">txt</marc:subfield>
         <marc:subfield code="2">rdacontent</marc:subfield>
      </marc:datafield>
      <marc:datafield tag="337" ind1=" " ind2=" ">
         <marc:subfield code="a">ohne Hilfsmittel zu benutzen</marc:subfield>
         <marc:subfield code="b">n</marc:subfield>
         <marc:subfield code="2">rdamedia</marc:subfield>
      </marc:datafield>
      <marc:datafield tag="338" ind1=" " ind2=" ">
         <marc:subfield code="a">Band</marc:subfield>
         <marc:subfield code="b">nc</marc:subfield>
         <marc:subfield code="2">rdacarrier</marc:subfield>
      </marc:datafield>
      <marc:datafield tag="490" ind1="0" ind2=" ">
         <marc:subfield code="a">A dance horizons book</marc:subfield>
      </marc:datafield>
      <marc:datafield tag="591" ind1=" " ind2=" ">
         <marc:subfield code="a">IMD-Felder und 1131 maschinell ergänzt (SWB)</marc:subfield>
      </marc:datafield>
      <marc:datafield tag="655" ind1=" " ind2="7">
         <marc:subfield code="a">Enzyklopädie</marc:subfield>
         <marc:subfield code="0">(DE-588)4014986-9</marc:subfield>
         <marc:subfield code="0">(DE-627)104675322</marc:subfield>
         <marc:subfield code="0">(DE-576)208910085</marc:subfield>
         <marc:subfield code="2">gnd-content</marc:subfield>
      </marc:datafield>
      <marc:datafield tag="689" ind1="0" ind2="0">
         <marc:subfield code="D">s</marc:subfield>
         <marc:subfield code="0">(DE-588)4059501-8</marc:subfield>
         <marc:subfield code="0">(DE-627)106143298</marc:subfield>
         <marc:subfield code="0">(DE-576)209131039</marc:subfield>
         <marc:subfield code="a">Terminologie</marc:subfield>
         <marc:subfield code="2">gnd</marc:subfield>
      </marc:datafield>
      <marc:datafield tag="689" ind1="0" ind2="1">
         <marc:subfield code="D">s</marc:subfield>
         <marc:subfield code="0">(DE-588)4074920-4</marc:subfield>
         <marc:subfield code="0">(DE-627)106087975</marc:subfield>
         <marc:subfield code="0">(DE-576)209195738</marc:subfield>
         <marc:subfield code="a">Modern Dance</marc:subfield>
         <marc:subfield code="2">gnd</marc:subfield>
      </marc:datafield>
      <marc:datafield tag="689" ind1="0" ind2="2">
         <marc:subfield code="D">s</marc:subfield>
         <marc:subfield code="0">(DE-588)4004351-4</marc:subfield>
         <marc:subfield code="0">(DE-627)106386263</marc:subfield>
         <marc:subfield code="0">(DE-576)208855459</marc:subfield>
         <marc:subfield code="a">Ballett</marc:subfield>
         <marc:subfield code="2">gnd</marc:subfield>
      </marc:datafield>
      <marc:datafield tag="689" ind1="0" ind2="3">
         <marc:subfield code="D">s</marc:subfield>
         <marc:subfield code="0">(DE-588)4059028-8</marc:subfield>
         <marc:subfield code="0">(DE-627)106144979</marc:subfield>
         <marc:subfield code="0">(DE-576)209129018</marc:subfield>
         <marc:subfield code="a">Tanz</marc:subfield>
         <marc:subfield code="2">gnd</marc:subfield>
      </marc:datafield>
      <marc:datafield tag="689" ind1="0" ind2="4">
         <marc:subfield code="D">s</marc:subfield>
         <marc:subfield code="0">(DE-588)4392528-5</marc:subfield>
         <marc:subfield code="0">(DE-627)190278064</marc:subfield>
         <marc:subfield code="0">(DE-576)211958840</marc:subfield>
         <marc:subfield code="a">Tanzerziehung</marc:subfield>
         <marc:subfield code="2">gnd</marc:subfield>
      </marc:datafield>
      <marc:datafield tag="689" ind1="0" ind2=" ">
         <marc:subfield code="5">(DE-627)</marc:subfield>
      </marc:datafield>
      <marc:datafield tag="935" ind1=" " ind2=" ">
         <marc:subfield code="i">Blocktest</marc:subfield>
      </marc:datafield>
      <marc:datafield tag="936" ind1="r" ind2="v">
         <marc:subfield code="a">AP 82200</marc:subfield>
         <marc:subfield code="b">Fachwörterbücher</marc:subfield>
         <marc:subfield code="k">Allgemeines</marc:subfield>
         <marc:subfield code="k">Medien- und Kommunikationswissenschaften, Kommunikationsdesign</marc:subfield>
         <marc:subfield code="k">Tanz</marc:subfield>
         <marc:subfield code="k">Nachschlagewerke, Allgemeine Darstellungen</marc:subfield>
         <marc:subfield code="k">Fachwörterbücher</marc:subfield>
         <marc:subfield code="0">(DE-627)1270693131</marc:subfield>
         <marc:subfield code="0">(DE-625)rvk/8003:</marc:subfield>
         <marc:subfield code="0">(DE-576)200693131</marc:subfield>
      </marc:datafield>
      <marc:datafield tag="936" ind1="b" ind2="k">
         <marc:subfield code="a">24.15</marc:subfield>
         <marc:subfield code="j">Tanzkunst</marc:subfield>
         <marc:subfield code="j">Bewegungskunst</marc:subfield>
         <marc:subfield code="0">(DE-627)10640606X</marc:subfield>
      </marc:datafield>
      <marc:datafield tag="936" ind1="b" ind2="k">
         <marc:subfield code="a">76.04</marc:subfield>
         <marc:subfield code="j">Ausbildung</marc:subfield>
         <marc:subfield code="j">Beruf</marc:subfield>
         <marc:subfield code="j">Organisationen</marc:subfield>
         <marc:subfield code="x">Sport, Freizeit, Erholung</marc:subfield>
         <marc:subfield code="0">(DE-627)106411748</marc:subfield>
      </marc:datafield>
      <marc:datafield tag="936" ind1="b" ind2="k">
         <marc:subfield code="a">80.46</marc:subfield>
         <marc:subfield code="j">Bewegungserziehung</marc:subfield>
         <marc:subfield code="0">(DE-627)106404458</marc:subfield>
      </marc:datafield>
      <marc:datafield tag="951" ind1=" " ind2=" ">
         <marc:subfield code="a">BO</marc:subfield>
      </marc:datafield>
   </marc:record>